2266 3722
887 226 1228 274 ...17-η

147 375 349 429 dicione
374 376 588 446 impleta
626 378 796 430 nescio
836 379 1015 446 quibus
1062 378 1126 432 de
1165 382 1331 433 causis
1370 398 1544 434 vocem
1592 381 1828 435 mulieres
1865 399 1971 436 ser-

147 477 267 514 vare
301 470 554 530 poterant,
594 461 685 514 sed
713 464 1004 515 coniectura
1028 463 1081 514 id
1107 472 1403 518 eventurum
1443 467 1597 519 fuisse
1626 483 1680 519 se
1720 467 1974 534 colligere,

146 544 323 597 addita
357 546 609 614 particula
644 548 698 595 ἄν
724 546 932 600 indicat.
1005 547 1257 609 Quoniam
1284 549 1348 603 de
1386 567 1552 603 rerum
1589 553 1973 619 praeteritarum

146 636 346 696 eventu,
385 630 428 682 si
473 631 526 682 in
562 647 806 699 praesens
851 637 1053 699 tempus
1090 633 1392 700 referuntur,
1438 635 1644 687 omnino
1682 635 1806 687 nihil
1852 638 1972 688 certi

145 729 441 767 asseverare
464 730 750 783 possumus,
775 715 1074 784 plerumque
1110 704 1439 785 praeteritum
1465 719 1517 770 in
1556 718 1767 787 apodosi
1796 719 1972 772 horum

144 799 522 852 enuntiatorum
560 816 674 853 cum
710 799 962 869 particula
998 801 1052 849 ἄν
1099 802 1433 868 coniungitur,
1471 803 1556 855 ubi
1602 804 1846 856 ommissa
1881 812 1972 870 est,

144 888 358 937 eventus
405 890 572 938 certus
617 884 942 952 significatur.
1026 877 1129 938 Sed
1174 885 1328 939 redeo
1374 886 1509 940 unde
1564 886 1819 954 digressus
1863 906 1973 941 sum

145 968 213 1020 ad
258 969 505 1035 originem
552 971 930 1022 enuntiatorum
982 969 1427 1024 condicionalium.
1501 970 1776 1041 Principali
1816 974 1973 1041 parti-

145 1052 290 1105 culae
327 1053 365 1103 εἰ
412 1070 504 1106 usu
550 1060 744 1107 mutato
782 1055 833 1106 in
878 1056 1140 1123 parataxis
1185 1055 1354 1108 locum
1393 1056 1640 1109 successit
1685 1055 1971 1125 hypotaxis‚

145 1145 196 1190 et
230 1138 506 1204 irrealium,
533 1153 661 1206 quae
694 1146 894 1204 vocant,
934 1137 1302 1192 desideriorum
1340 1139 1572 1206 formula,
1610 1142 1808 1193 etiamsi
1837 1142 1977 1195 nulla

145 1222 386 1276 desiderii
411 1223 552 1276 notio
580 1224 790 1290 cogitari
817 1230 1007 1292 posset,
1048 1223 1115 1276 ad
1140 1225 1403 1277 enuntiata
1439 1241 1578 1278 mere
1605 1225 1977 1279 condicionalia

65 1302 75 1308 ’
144 1306 374 1361 adhibita
411 1314 502 1361 est.

281 1392 401 1444 Alia
437 1398 516 1445 est
559 1391 875 1445 condicionis
913 1393 1094 1459 forma,
1133 1394 1174 1445 si
1213 1393 1279 1445 ad
1316 1401 1517 1463 tempus
1557 1411 1814 1463 praesens,
1860 1396 1976 1462 alia,

144 1478 185 1530 si
213 1476 278 1529 ad
306 1478 635 1546 praeteritum
661 1477 898 1545 pertinet,
926 1493 1092 1544 neque
1118 1493 1236 1530 vero
1262 1482 1411 1531 tanta
1443 1479 1704 1546 utriusque
1730 1481 1974 1533 seiunctio

147 1569 224 1614 est
261 1568 315 1613 ut
350 1578 452 1614 non
491 1561 575 1613 hic
610 1561 716 1613 illic
752 1561 885 1612 inter
922 1577 976 1613 se
1015 1568 1379 1630 permutentur.
1453 1561 1509 1614 In
1547 1563 1636 1614 illa
1672 1564 1975 1618 indicativus

144 1645 431 1714 imperfecti
458 1653 729 1714 usurpatur
766 1647 829 1698 ab
858 1645 1217 1715 Aristophane,
1257 1648 1309 1698 in
1335 1646 1430 1699 hac
1455 1646 1758 1701 indicativus
1786 1651 1974 1702 aoristi.

149 1730 463 1799 Saepissime
508 1731 561 1782 in
608 1738 820 1798 utroque
867 1731 1096 1784 membro
1145 1731 1323 1783 talium
1372 1733 1766 1799 enuntiatorum,
1824 1735 1864 1786 si
1911 1734 1976 1786 ad

146 1821 346 1883 tempus
384 1831 628 1883 praesens
665 1815 966 1881 referuntur,
1004 1816 1289 1885 imperfecti
1320 1815 1650 1869 indicativum
1688 1817 1863 1885 habeS,
1894 1821 1975 1887 qui

146 1900 198 1950 in
255 1899 469 1968 apodosi
513 1899 814 1968 particulam
864 1902 918 1949 ἄν
975 1899 1208 1953 adscivit.
1291 1899 1449 1963 Quem
1507 1908 1677 1954 mente
1722 1901 1978 1956 finxerunt

146 1985 453 2036 contrarium
493 2001 656 2036 rerum
698 1992 883 2037 statum
923 1985 1173 2037 interdum
1207 1984 1415 2050 addunt,
1443 1985 1579 2038 velut
1604 1985 1733 2038 Plut.
1765 2005 1830 2039 vs.
1859 1990 1975 2040 582.

146 2071 168 2118 ὁ
207 2068 320 2125 Ζεὺς
357 2070 503 2136 δήπου
542 2072 720 2119 πένεται
757 2071 833 2119 καὶ
871 2071 991 2120 τοῦτ’
1031 2072 1124 2138 ἤδη
1166 2076 1378 2141 φανερῶς
1417 2089 1468 2121 σε
1506 2062 1689 2129 διδάξω.

147 2158 184 2205 εἴ.
219 2141 305 2227 γαρ
344 2156 564 2216 ἐπλούτει,
604 2161 703 2212 πῶς
741 2160 795 2206 ἂν
834 2163 971 2207 ποιῶν
1010 2158 1086 2207 τὸν
1127 2156 1409 2224 Ὀλυμπικὸν
1449 2157 1584 2214 αὐτὸς
1623 2161 1792 2226 ἀγῶνα,

147 2246 449 2314 ἀνεκήρυττεν
471 2249 562 2292 τῶν
590 2246 807 2311 ἀσκητῶν
833 2243 940 2300 τοὺς
972 2249 1192 2300 νικῶντας
1225 2246 1531 2314 στεφανώσας
1563 2252 1723 2314 κοτινῴ
1748 2251 1977 2315 στεφάνῳ;

155 2343 471 2411 Quamquam
531 2345 795 2397 enuntiata
855 2344 1231 2398 condicionalia
1256 2365 1260 2369 ·
1290 2347 1362 2397 ita
1421 2346 1636 2398 formata
1695 2348 1979 2415 praesentis

156 2430 401 2497 temporis
441 2435 573 2494 sunt,
612 2433 787 2481 tamen
827 2445 930 2482 non
969 2428 1116 2482 deest
1152 2430 1310 2496 locus,
1350 2447 1447 2498 quo
1485 2430 1552 2482 ad
1594 2438 1794 2499 tempus
1833 2447 1980 2499 prae-

148 2514 351 2565 teritum
391 2515 645 2582 pertineat
680 2514 1036 2582 imperfectum
1075 2531 1288 2568 necesse
1327 2522 1418 2581 est,
1458 2515 1572 2568 dico

214 2597 334 2667 Lys.
372 2615 446 2650 vs.
484 2601 599 2649 515.
641 2597 769 2666 κάγὼ
811 2597 978 2666 ’cirrum
1021 2601 1142 2652 Mul.
1184 2600 1382 2650 ἀλλὀὐκ
1421 2603 1475 2650 ἂν
1514 2602 1605 2667 ἐγώ
1644 2602 1743 2651 ποτ’
1765 2602 1939 2669 ἐσίγων.

448 2684 596 2737 Prob.
637 2688 721 2735 κᾶν
761 2686 965 2753 &umnec
1002 2686 1060 2754 γ’,
1102 2688 1141 2737 εἰ
1179 2688 1244 2755 μὴ
1287 2687 1443 2755 ’cirac
1507 2702 1510 2705 ’

150 2769 437 2838 Lysistrata
473 2771 525 2821 in
565 2771 893 2840 depingenda
919 2774 1107 2825 misera
1134 2774 1402 2826 mulierum
1430 2775 1729 2827 condicione
1755 2776 1975 2843 priorum

149 2860 435 2922 temporum
475 2864 772 2923 occupatus,
820 2874 971 2924 quam
1017 2875 1072 2911 se
1120 2858 1370 2912 tolerasse
1415 2861 1500 2925 ait,
1540 2859 1838 2928 imperfecto
1887 2875 1980 2911 usa

148 2947 241 2991 est.
323 2938 395 2990 Et
449 2941 674 2992 mulieris
731 2941 859 2994 alius
917 2949 966 2994 et
1022 2943 1220 3010 probuli
1273 2945 1426 2995 verba
1468 2945 1794 3011 praeteritam
1849 2944 1977 2995 hanc

148 3040 315 3075 rerum
362 3023 715 3077 condicionem
763 3028 1060 3095 respiciunt.
1147 3028 1362 3080 Librarii
1422 3027 1652 3081 codicum
1711 3029 1975 3080 deterioris

148 3114 300 3161 notae
344 3110 584 3161 aoristum
632 3103 878 3179 (ᾤμωξας)
925 3128 1018 3180 pro
1065 3113 1364 3181 imperfecto
1419 3113 1606 3165 inferre
1663 3112 1978 3176 studuerunt,

149 3211 298 3262 quem
318 3194 428 3246 iure
453 3211 632 3249 omnes
658 3197 880 3250 editores
902 3197 1217 3250 Ravennatis
1238 3205 1288 3250 et
1309 3199 1590 3265 Augustani
1617 3186 1976 3251 auctoritatem

149 3279 311 3332 secuti
349 3280 624 3333 eiecerunt.
697 3282 1064 3351 Imperfectum
1103 3299 1215 3334 cum
1256 3282 1319 3334 de
1357 3284 1508 3335 rebus
1547 3284 1774 3351 repetitis
1813 3300 1978 3335 sermo

149 3364 231 3430 sit,
257 3363 381 3416 satis
407 3363 653 3419 firmatur.
709 3364 859 3419 Nullo
897 3383 1079 3420 sensus
1119 3366 1412 3419 discrimine
1437 3367 1488 3418 in
1523 3366 1733 3434 apodosi
1761 3369 1980 3435 quinque

149 3448 277 3501 locis
315 3449 534 3502 aoristus
570 3451 766 3518 positus
806 3458 896 3504 est.
976 3451 1242 3504 Sententia
1279 3450 1668 3504 condicionalis:

1678 3536 1702 3577 2
