2266 3722
921 181 1233 229 ,5-

157 336 234 389 als
288 335 459 388 Punkt
513 334 825 401 ausgefasste
881 333 1184 399 Thatsache‚
1243 333 1327 386 die
1382 331 1806 402 praesentischen
1854 332 2007 384 einen

155 419 400 485 Zustand‚
440 419 513 472 oft
558 419 710 471 einen
766 418 946 485 langer
1002 417 1367 470 anhaltenden.
1461 416 1729 469 Kiihnerus
1785 415 2007 483 denique

156 507 280 558 satis
319 504 534 557 obscure
575 502 842 569 distinguit
880 502 1033 568 (ausf.
1062 502 1289 555 Gramm.
1323 502 1469 571 1870,
1496 519 1545 570 p.
1577 500 1725 568 158):
1765 500 1847 552 bei
1886 499 2006 553 dem

153 589 427 658 Imperativ
467 587 558 640 des
598 588 772 640 Aorist
807 587 938 639 lasst
982 586 1074 639 der
1111 585 1358 639 Redende
1403 585 1487 638 die
1525 585 1805 652 Handlung
1848 584 2008 638 selbst

158 675 211 726 in
251 672 353 725 den
392 671 759 738 Vordergrund
796 676 980 737 treten‚
1021 672 1102 724 bei
1143 670 1261 724 dem
1298 670 1575 739 Imperativ
1623 669 1714 722 des
1751 668 2005 722 Praesens

154 757 237 810 die
275 756 671 823 Entwickelung
710 755 997 809 derselben.

295 841 345 894 Si
370 843 481 910 quis
502 849 609 893 tam
632 840 862 893 diversas
885 840 948 892 de
970 841 1232 907 utriusque
1257 839 1453 891 formae
1483 839 1691 892 notione
1720 838 2003 891 sententias

151 927 377 997 prolatas
416 926 616 992 viderit,
646 927 848 992 sentiet,
888 926 1086 994 opinor,
1115 941 1230 977 eam
1259 941 1371 977 esse
1398 924 1689 993 imperativi
1715 923 2004 992 praesentis

151 1019 202 1066 et
239 1012 418 1065 aoristi
459 1010 823 1077 differentiam,
862 1016 917 1062 ut
943 1009 1080 1062 haud
1117 1026 1233 1062 raro
1272 1016 1486 1077 uterque
1526 1007 1746 1061 eandem
1776 1007 2005 1076 explica-

151 1099 345 1151 tionem
407 1096 611 1149 habeat.
708 1095 811 1148 'Sed
885 1102 939 1147 ut
1000 1097 1096 1148 rite
1159 1094 1408 1164 procedat
1470 1093 1748 1163 disputatio
1811 1098 2004 1159 nostra,

148 1182 521 1252 proficiscimur
568 1197 599 1233 a
646 1180 845 1233 duobus
891 1180 1019 1232 locis
1059 1178 1467 1248 Aristophaneis,
1514 1179 1597 1246 qui
1646 1178 2006 1246 imperativum

149 1274 200 1320 et
246 1267 531 1336 praesentis
582 1271 633 1318 et
677 1265 853 1318 aoristi
899 1266 951 1316 in
1009 1264 1225 1333 apodosi
1283 1264 1576 1317 sententiae
1635 1262 2005 1316 condicionalis

145 1353 410 1422 praebent.
485 1351 630 1403 Prior
669 1357 747 1403 est

315 1439 434 1508 Lys.
478 1455 551 1491 vs.
595 1439 692 1488 531
1076 1433 1206 1485 ἀλλ’
1232 1436 1270 1484 εἰ
1308 1434 1428 1484 τοῦτ’
1472 1434 1685 1501 ἐμπόδιόν
1726 1453 1814 1496 σοι,

739 1521 845 1593 παρ’
889 1524 1000 1589 ἐμοῦ
1039 1523 1162 1573 τουτὶ
1200 1523 1250 1572 τὸ
1291 1523 1517 1590 κάλυμμα
1555 1521 1718 1590 λαβὼν

737 1611 816 1680 ἔχε
856 1610 931 1659 καὶ
970 1611 1159 1680 περίθου
1199 1610 1299 1680 περὶ
1337 1610 1421 1677 τὴν
1462 1610 1695 1680 κεφαλὴν,

737 1700 856 1765 κᾷτα
897 1699 1059 1747 σιώπα.

148 1783 436 1854 Lysistrata
462 1784 677 1852 probulo
716 1792 772 1835 ut
809 1790 1004 1836 taceret
1040 1785 1401 1852 imperaverat,
1437 1790 1490 1835 at
1526 1783 1614 1835 ille
1652 1798 1914 1850 nunquam
1950 1781 2005 1833 id

148 1885 203 1922 se
259 1868 512 1921 facturum
572 1886 686 1921 esse
744 1869 1019 1920 affirmavit
1071 1869 1374 1937 praesertim
1441 1869 1732 1936 imperante
1794 1867 2008 1929 femina,

148 1971 278 2022 quae
334 1961 490 2022 caput
547 1953 784 2006 flammeo
841 1953 1066 2006 velatum
1124 1953 1351 2005 haberet.
1446 1952 1593 2014 Quod
1648 1953 1892 2022 probrum
1950 1959 2005 2004 ut

144 2039 294 2091 tollat
337 2040 437 2107 ipsi
483 2040 701 2108 probulo
748 2037 1046 2091 flammeum
1096 2038 1256 2091 affert.
1333 2037 1641 2106 Accipiendi
1679 2037 1862 2106 (λαβὼν
1902 2037 2003 2108 ἔχε)

145 2132 196 2178 et
252 2124 676 2194 circumponendi
736 2125 968 2195 (περίθου)
1028 2125 1161 2177 actio
1220 2123 1451 2176 eiusdem
1508 2126 1756 2193 temporis
1802 2131 1904 2189 est3
1952 2125 2004 2177 in

143 2213 451 2280 imperativo
490 2213 778 2281 praesentis
819 2211 945 2263 nihil
985 2218 1066 2264 est
1106 2210 1242 2279 quod
1282 2210 1555 2264 durantem
1604 2211 1684 2264 vel
1729 2212 2004 2280 repetitam

145 2315 253 2350 rem
301 2296 510 2350 indicet.
592 2297 813 2350 Perinde
861 2304 942 2350 est
986 2296 1150 2365 λαβὼν
1190 2298 1269 2367 ἔχε
1317 2313 1377 2348 ac
1424 2297 1466 2349 si
1513 2297 1805 2365 scripsisset
1849 2303 2006 2365 poeta

145 2384 265 2452 λαβὲ
303 2385 380 2434 καὶ
418 2386 623 2456 περίθου.
701 2384 994 2437 Meinekius
1025 2384 1233 2452 quidem
1263 2384 1686 2436 inconcinnitatis
1724 2384 2003 2452 impatiens

144 2473 329 2525 melius
405 2490 520 2526 esse
595 2480 866 2540 utrumque
929 2472 1289 2540 imperativum
1353 2471 1641 2538 praesentis
1714 2471 2001 2539 proposuit:

146 2559 342 2629 περιδοῦ,
372 2576 502 2627 quae
530 2559 762 2626 quamvis
789 2558 956 2610 facilis
983 2557 1051 2610 sit
1072 2557 1286 2609 mutatio
1308 2565 1482 2608 tamen
1505 2557 1613 2608 iure
1635 2556 1699 2609 ab
1722 2555 2002 2610 editoribus

144 2647 414 2715 respuitur.
473 2643 657 2697 Melius
684 2643 975 2712 imperativi
1003 2643 1203 2695 secerni
1230 2648 1445 2710 possunt
1468 2642 1522 2692 in
1562 2641 1723 2694 altero
1763 2642 2001 2711 exemplo

349 2730 480 2784 Nub.
520 2748 594 2784 VS.
633 2731 735 2782 452
774 2734 888 2778 ταῦτ
926 2728 964 2777 εἴ
1003 2747 1058 2795 με
1098 2726 1292 2778 καλοῦσ’
1334 2729 1642 2788 ἁπαντῶντες,

773 2816 989 2886 δρώντων
1030 2817 1239 2884 ἀτεχνῶς
1279 2817 1302 2864 ὅ
1340 2833 1378 2865 τ’.
1416 2815 1691 2885 χρῄζουσιν,

771 2904 840 2952 κεί
879 2902 1136 2970 βούλονται,

771 2990 830 3058 νὴ
869 2989 954 3058 τὴν
995 2992 1188 3059 Δήμητρ
1229 2989 1281 3039 ἔκ
1320 3008 1407 3056 μου
1446 2988 1620 3060 χορδὴν

771 3083 865 3133 τοῖς
905 3083 1194 3147 φροντισταῖς
1232 3077 1553 3147 παραθέντων.

147 3162 471 3232 Strepsiades
510 3163 796 3233 intrepidus
836 3181 1022 3233 corpus
1062 3181 1117 3217 se
1155 3163 1368 3215 nubium
1409 3164 1658 3216 ministris
1696 3160 2001 3214 traditurum

145 3265 261 3301 esse
299 3248 586 3318 pollicetur,
614 3249 767 3302 modo
807 3249 1098 3301 hominibus
1135 3248 1371 3300 videatur
1409 3264 1525 3301 esse
1552 3247 1741 3313 audaX‚
1769 3246 1916 3299 tritus
1950 3246 2003 3297 in

143 3333 338 3399 litibus,
395 3340 645 3386 versutus.
728 3333 782 3386 Si
838 3333 916 3386 his
973 3350 1056 3385 me
1113 3333 1422 3399 nominibuS‚
1480 3333 1660 3401 inquit,
1719 3331 2002 3401 appellant,

143 3417 371 3470 faciunto
409 3416 565 3486 plane
602 3425 659 3471 ut
694 3418 851 3485 lubet,
892 3424 943 3470 et
980 3418 1023 3471 si
1048 3417 1226 3471 volunt
1257 3433 1320 3469 ex
1347 3433 1430 3470 me
1467 3417 1713 3470 intestina
1750 3415 2002 3469 farciunto
