2266 3722
963 191 1020 197 —-
1103 161 1305 211 60-

206 326 367 369 ratum
399 335 511 369 esso
541 317 748 368 tradunt
775 316 886 367 ἀλλ’
911 320 980 381 ἄν,
1025 317 1159 368 unde
1202 316 1482 368 Ahrensius
1524 315 1636 368 ἀλλ’
1661 319 1706 367 αἱ
1737 316 2064 369 scribendum

204 421 318 457 esse
356 404 524 469 iussit;
588 403 737 469 vulgo
777 406 823 454 αἱ
859 403 898 454 δ’
922 407 977 454 ἂν
1017 403 1219 468 legitur,
1260 401 1392 469 quod
1433 403 1484 455 in
1525 403 1702 456 codice
1739 403 1937 456 Veneto
1977 421 2067 457 ex-

204 490 363 542 hiberi
404 508 467 542 ex
505 489 757 541 editorum
797 491 1001 543 silentio
1044 489 1274 553 colligas.
1335 488 1644 559 Blaydesius
1691 493 1799 542 αἴκα
1843 492 2068 562 παχυνθῇ

202 575 477 643 legendum
520 578 799 645 proposuit.
861 576 1054 630 Neutra
1093 578 1390 630 coniectura
1429 579 1668 630 omnibus
1708 580 1936 631 numeris
1974 579 2066 631 ab·

200 662 367 714 soluta
404 670 496 713 est.
554 660 609 713 In
649 662 888 715 Ahrensii
916 664 1174 732 scriptura
1212 663 1519 730 particulam
1559 683 1635 729 κα,
1675 665 1772 717 etsi
1812 668 2066 718 sermonis

201 748 358 801 dorici
394 749 642 818 simplicis
683 751 991 803 coniunctivi
1023 752 1072 802 in
1113 751 1395 802 enuntiatis
1435 750 1878 804 condicionalibus
1917 769 2066 804 usum

198 834 487 887 liberiorem
541 835 694 887 fuisse
744 853 843 888 non
892 837 1208 902 ignoramus,
1267 852 1422 901 aegre
1474 835 1847 888 desideramus
1907 836 2064 907 Blay-

200 919 374 971 ‹lesius
433 921 561 973 iusto
623 920 835 973 liberius
892 922 944 973 in
1003 921 1239 973 codicum
1297 922 1552 989 scriptura
1610 928 1842 974 versatur
1899 939 2065 990 neque

198 1006 484 1058 sententiae
538 1014 716 1058 tenore
774 1007 948 1074 utique
1006 1006 1253 1075 postulari
1317 1006 1622 1075 particulam
1684 1006 2062 1061 adversativam

200 1090 579 1144 animadvertit.

338 1177 668 1230 Gravioribus
715 1178 1105 1232 difficultatibus
1153 1196 1305 1247 quam
1345 1179 1755 1232 Acharnensium
1804 1182 2062 1251 exempla,

197 1263 401 1316 dialecti
441 1264 707 1316 laconicae
747 1266 1010 1329 specimen
1041 1266 1092 1316 in
1123 1264 1411 1334 Lysistrata
1449 1271 1710 1319 servatum
1741 1267 2061 1321 obstructum

197 1355 286 1401 est.
374 1350 450 1402 Ac
496 1349 560 1402 de
607 1352 652 1400 αῖ.
707 1350 912 1419 quidem
971 1369 1087 1403 cum
1138 1351 1415 1404 indicativo
1474 1354 1762 1421 praesentis
1820 1354 2062 1422 copulato

196 1434 336 1487 nulla
393 1435 640 1490 dubitatio
698 1443 797 1489 est:
850 1455 918 1490 vs.
971 1437 1121 1489 1105.
1175 1437 1309 1488 1162
1357 1455 1432 1505 sq.
1508 1436 1650 1499 Quae
1710 1446 1908 1491 restant
1964 1441 2064 1492 tria

194 1519 511 1589 Lysistratae
539 1523 795 1591 exempla,
837 1539 868 1574 a
905 1522 1151 1576 librorum
1191 1525 1449 1576 memoria
1489 1528 1579 1577 aut
1625 1523 1768 1576 nulla
1814 1532 1935 1578 sunt
1975 1533 2064 1578 aut

194 1615 432 1675 corrupta
469 1624 530 1659 ac
570 1609 861 1660 criticorum
904 1624 1002 1676 ope
1040 1608 1292 1660 restituta.
1368 1607 1449 1661 Ita
1487 1610 1538 1660 in

361 1710 433 1745 vs.
478 1693 590 1746 105.
633 1696 655 1744 ὁ
693 1692 733 1744 ’δ’
757 1694 869 1761 ἐμός
905 1713 979 1761 γα,
1018 1692 1139 1745 καῖκ’
1163 1694 1215 1744 ἐκ
1252 1703 1336 1751 τᾶς
1372 1703 1517 1762 ταγᾶς
1555 1695 1676 1763 ὲλσῃ
1715 1698 1852 1760 ποκά,

631 1787 1030 1853 πορπακισάμενος
1069 1784 1269 1854 φροῦδος
1307 1786 1605 1851 ἀμπτάμενος
1643 1784 1742 1852 ἔβα.

194 1866 312 1915 καῖκ’
351 1867 604 1921 Alironsio
645 1876 855 1922 auctore
895 1869 1047 1936 vulgo
1088 1870 1347 1936 scribitur,
1389 1887 1505 1923 cum
1547 1871 1755 1931 codices
1795 1874 1880 1921 κᾶν
1908 1889 2057 1940 prae-

195 1954 365 2006 beant.
444 1953 625 2008 Melior
663 1972 788 2008 sane
827 1964 878 2007 et
905 1955 1226 2024 probabilior
1263 1956 1393 2009 haec
1433 1958 1682 2010 correctio
1715 1962 1798 2011 est
1835 1966 1887 2011 et
1925 1975 2057 2027 quae

193 2039 275 2090 vix
323 2040 443 2091 reici
495 2041 660 2108 possit
705 2058 858 2108 quam
906 2039 1151 2094 Meinekii
1203 2050 1551 2095 commentum
1601 2044 1654 2095 in
1701 2061 1771 2097 vs.
1821 2046 1920 2095 117
1967 2061 2056 2096 ex-

194 2125 489 2190 cogitatum.

360 2225 429 2262 vs,
473 2212 588 2262 117.
631 2209 721 2278 ἐγὼ
760 2210 809 2262 δὲ
847 2214 923 2262 καί
960 2232 1020 2263 κα
1058 2214 1195 2264 ποττὸ
1237 2214 1470 2281 Ταΰγετον
1509 2217 1607 2264 ἄνω

628 2296 824 2366 eleonis-⁹,
865 2301 955 2351 ὅπα
993 2303 1212 2368 μέλλοιμί
1248 2299 1289 2369 γ’
1314 2303 1497 2373 εἰράναν
1535 2303 1651 2371 ἰῧῆν-

193 2381 326 2433 Libri
356 2384 406 2434 in
436 2386 690 2453 scriptura
729 2388 817 2436 ὅπα
858 2392 873 2452 (
882 2387 1017 2454 quod
1055 2389 1458 2457 imprimendum
1501 2407 1614 2442 esse
1654 2390 1744 2456 ὁπᾷ
1771 2389 2056 2443 Ahrensius

192 2467 364 2535 (locet)
413 2473 753 2525 consentiunt.
832 2472 958 2524 Cum
1007 2490 1126 2526 vero
1177 2475 1435 2526 sententia
1482 2476 1566 2539 sit,
1618 2494 1673 2529 se
1717 2477 1798 2529 vel
1838 2475 2053 2545 Taygeti

144 2570 147 2572 ’
191 2572 442 2609 cacumen
484 2558 768 2612 ascendere
807 2559 956 2624 velle,
997 2561 1036 2611 si
1080 2560 1175 2613 hoc
1215 2560 1335 2612 inde
1384 2570 1745 2630 consequatur,
1773 2570 1828 2614 ut
1866 2579 2047 2631 pacem

190 2640 372 2707 rideat,
405 2642 692 2697 Meinekius
720 2647 765 2695 αἱ
792 2647 1008 2713 μέλλοιμι
1036 2646 1411 2700 restituendum
1443 2665 1558 2700 esse
1584 2649 1792 2702 iudicat.
1860 2648 2051 2711 Quam·
2095 2707 2101 2712 ,

188 2746 338 2795 quam
380 2731 454 2780 vir
493 2748 723 2785 summus
763 2735 1075 2785 sententiam
1118 2734 1233 2786 huic
1272 2734 1386 2788 loco
1427 2737 1821 2789 convenientem
1861 2737 2051 2790 forma-

188 2814 270 2879 vit,
310 2821 480 2868 tamen
523 2833 652 2884 quae
690 2817 880 2870 tradita
918 2826 1036 2871 sunt
1073 2820 1231 2872 verba
1270 2827 1320 2872 et
1358 2821 1473 2889 ipsa
1499 2821 1706 2874 facilem
1735 2822 2048 2891 explicatum

187 2898 388 2951 habent.
467 2901 741 2970 Postquam
792 2903 1081 2973 Lysistrata
1130 2905 1265 2958 bello
1321 2923 1375 2958 se
1420 2906 1576 2958 finem
1624 2906 1879 2961 facturam
1938 2926 2052 2963 esse

186 2985 454 3037 mulierum
503 3003 601 3055 ope
642 2990 892 3056 promisit,
935 2990 1270 3043 mulierculae
1321 3009 1525 3045 summa
1570 2993 1709 3046 mala
1753 3010 1810 3046 se
1848 2996 2050 3064 perpeti

186 3080 390 3137 paratas
431 3089 544 3124 esse
591 3074 640 3124 in
683 3073 1003 3143 Lysistratae
1032 3077 1246 3129 consilio
1276 3077 1549 3132 efficiendo
1587 3079 1733 3147 ipsae
1772 3079 2049 3134 affirmant.

187 3154 423 3224 Lampito
481 3157 695 3209 duarum
757 3159 1148 3212 Atheniensium
1208 3163 1518 3215 feminarum
1582 3166 2051 3220 asseverationibus

183 3249 321 3292 recte
359 3259 414 3292 se
442 3243 521 3294 vel
548 3242 830 3312 Taygetum
873 3246 1173 3310 ascendere,
1215 3255 1270 3300 ut
1296 3248 1418 3301 inde
1449 3265 1631 3318 pacem
1671 3249 1860 3317 videat,
1888 3251 2049 3306 addit.

183 3324 381 3377 Tertius
427 3327 569 3379 locus
610 3345 641 3380 a
685 3330 876 3383 criticis
915 3339 1160 3399 purgatus
1201 3351 1337 3386 nunc
1374 3335 1426 3385 in
1468 3334 1781 3388 editionibus
1829 3337 1905 3390 sic
1941 3337 2049 3390 fere

187 3423 373 3462 exstat:
