<?xml version="1.0" encoding="UTF-8"?>
<!DOCTYPE html PUBLIC "-//W3C//DTD XHTML 1.0 Transitional//EN"
    "http://www.w3.org/TR/xhtml1/DTD/xhtml1-transitional.dtd">
<html xmlns="http://www.w3.org/1999/xhtml" xml:lang="en" lang="en">
 <head>
  <title>
</title>
<meta http-equiv="Content-Type" content="text/html;charset=utf-8" />
  <meta name='ocr-system' content='tesseract 3.04.00' />
  <meta name='ocr-capabilities' content='ocr_page ocr_carea ocr_par ocr_line ocrx_word'/>
</head>
<body>
  <div class='ocr_page' id='page_1' title='image "./deenuntiatorumco00petruoft_0020.png"; bbox 0 0 2266 3722; ppageno 0'>
   <div class='ocr_carea' id='block_1_1' title="bbox 1062 131 1406 181">
    <p class='ocr_par' dir='ltr' id='par_1_1' title="bbox 1062 131 1406 181">
     <span class='ocr_line' id='line_1_1' title="bbox 1062 131 1406 181; baseline 0.006 -17"><span class='ocrx_word' id='word_1_1' title='bbox 1062 131 1406 181; x_wconf 72' lang='lat'>-10—</span> 
     </span>
    </p>
   </div>
   <div class='ocr_carea' id='block_1_2' title="bbox 266 278 2162 3455">
    <p class='ocr_par' dir='ltr' id='par_1_2' title="bbox 293 278 2162 957">
     <span class='ocr_line' id='line_1_2' title="bbox 304 278 2162 358; baseline 0.008 -29"><span class='ocrx_word' id='word_1_2' title='bbox 304 293 432 344; x_wconf 91' lang='lat' dir='ltr'>quae</span> <span class='ocrx_word' id='word_1_3' title='bbox 472 278 729 349; x_wconf 83' lang='lat' dir='ltr'>adscripsi</span> <span class='ocrx_word' id='word_1_4' title='bbox 767 289 950 350; x_wconf 82' lang='lat' dir='ltr'>exstat,</span> <span class='ocrx_word' id='word_1_5' title='bbox 996 286 1330 354; x_wconf 81' lang='lat' dir='ltr'>imperativus</span> <span class='ocrx_word' id='word_1_6' title='bbox 1369 293 1423 340; x_wconf 86' lang='lat' dir='ltr'>et</span> <span class='ocrx_word' id='word_1_7' title='bbox 1458 290 1746 356; x_wconf 88' lang='lat' dir='ltr'>praesentis</span> <span class='ocrx_word' id='word_1_8' title='bbox 1786 298 1836 342; x_wconf 90' lang='lat' dir='ltr'>et</span> <span class='ocrx_word' id='word_1_9' title='bbox 1881 290 2078 358; x_wconf 83' lang='lat' dir='ltr'>aoristi,</span> <span class='ocrx_word' id='word_1_10' title='bbox 2111 298 2162 344; x_wconf 90' lang='lat' dir='ltr'>et</span> 
     </span>
     <span class='ocr_line' id='line_1_3' title="bbox 301 362 2160 441; baseline 0.008 -28"><span class='ocrx_word' id='word_1_11' title='bbox 301 362 611 418; x_wconf 80' lang='lat' dir='ltr'>indicativus</span> <span class='ocrx_word' id='word_1_12' title='bbox 657 369 945 434; x_wconf 87' lang='lat' dir='ltr'>praesentis</span> <span class='ocrx_word' id='word_1_13' title='bbox 991 376 1042 421; x_wconf 86' lang='lat' dir='ltr'>et</span> <span class='ocrx_word' id='word_1_14' title='bbox 1086 370 1244 423; x_wconf 84' lang='lat' dir='ltr'>futuri</span> <span class='ocrx_word' id='word_1_15' title='bbox 1288 373 1341 422; x_wconf 91' lang='lat' dir='ltr'>in</span> <span class='ocrx_word' id='word_1_16' title='bbox 1388 372 1605 441; x_wconf 90' lang='lat' dir='ltr'>apodosi</span> <span class='ocrx_word' id='word_1_17' title='bbox 1649 375 1993 427; x_wconf 87' lang='lat' dir='ltr'>inveniuntur.</span> <span class='ocrx_word' id='word_1_18' title='bbox 2075 374 2160 428; x_wconf 93' lang='lat' dir='ltr'>In-</span> 
     </span>
     <span class='ocr_line' id='line_1_4' title="bbox 301 446 2160 523; baseline 0.009 -25"><span class='ocrx_word' id='word_1_19' title='bbox 301 446 552 501; x_wconf 90' lang='lat' dir='ltr'>dicativus</span> <span class='ocrx_word' id='word_1_20' title='bbox 589 450 878 519; x_wconf 78' lang='lat' dir='ltr'>imperfecti</span> <span class='ocrx_word' id='word_1_21' title='bbox 918 460 970 505; x_wconf 88' lang='lat' dir='ltr'>et</span> <span class='ocrx_word' id='word_1_22' title='bbox 1006 455 1200 521; x_wconf 68' lang='lat' dir='ltr'>amisti,</span> <span class='ocrx_word' id='word_1_23' title='bbox 1241 472 1339 523; x_wconf 92' lang='lat' dir='ltr'>quo</span> <span class='ocrx_word' id='word_1_24' title='bbox 1378 457 1431 508; x_wconf 91' lang='lat' dir='ltr'>in</span> <span class='ocrx_word' id='word_1_25' title='bbox 1467 459 1746 512; x_wconf 83' lang='lat' dir='ltr'>enuntiatis</span> <span class='ocrx_word' id='word_1_26' title='bbox 1787 460 2160 514; x_wconf 90' lang='lat' dir='ltr'>condicionali·</span> 
     </span>
     <span class='ocr_line' id='line_1_5' title="bbox 300 531 2160 607; baseline 0.009 -24"><span class='ocrx_word' id='word_1_27' title='bbox 300 531 392 584; x_wconf 90' lang='lat' dir='ltr'>bus</span> <span class='ocrx_word' id='word_1_28' title='bbox 432 535 496 587; x_wconf 92' lang='lat' dir='ltr'>ab</span> <span class='ocrx_word' id='word_1_29' title='bbox 541 536 579 584; x_wconf 83' lang='grc' dir='ltr'>εἰ</span> <span class='ocrx_word' id='word_1_30' title='bbox 617 536 984 606; x_wconf 90' lang='lat' dir='ltr'>incipientibus</span> <span class='ocrx_word' id='word_1_31' title='bbox 1029 540 1127 592; x_wconf 90' lang='lat' dir='ltr'>nisi</span> <span class='ocrx_word' id='word_1_32' title='bbox 1167 541 1421 607; x_wconf 90' lang='lat' dir='ltr'>singulari</span> <span class='ocrx_word' id='word_1_33' title='bbox 1461 541 1526 595; x_wconf 89' lang='lat' dir='ltr'>de</span> <span class='ocrx_word' id='word_1_34' title='bbox 1566 560 1724 596; x_wconf 91' lang='lat' dir='ltr'>causa</span> <span class='ocrx_word' id='word_1_35' title='bbox 1763 561 1866 598; x_wconf 88' lang='lat' dir='ltr'>non</span> <span class='ocrx_word' id='word_1_36' title='bbox 1912 563 2034 599; x_wconf 90' lang='lat' dir='ltr'>usus</span> <span class='ocrx_word' id='word_1_37' title='bbox 2082 554 2160 599; x_wconf 86' lang='lat' dir='ltr'>est</span> 
     </span>
     <span class='ocr_line' id='line_1_6' title="bbox 296 622 2158 700; baseline 0.009 -32"><span class='ocrx_word' id='word_1_38' title='bbox 296 626 466 685; x_wconf 79' lang='lat' dir='ltr'>poeta,</span> <span class='ocrx_word' id='word_1_39' title='bbox 507 622 662 673; x_wconf 88' lang='lat' dir='ltr'>etiam</span> <span class='ocrx_word' id='word_1_40' title='bbox 703 640 881 676; x_wconf 88' lang='lat' dir='ltr'>vocem</span> <span class='ocrx_word' id='word_1_41' title='bbox 924 625 1047 695; x_wconf 81' lang='grc' dir='ltr'>εἴπερ</span> <span class='ocrx_word' id='word_1_42' title='bbox 1087 642 1201 679; x_wconf 88' lang='lat' dir='ltr'>raro</span> <span class='ocrx_word' id='word_1_43' title='bbox 1241 628 1483 694; x_wconf 88' lang='lat' dir='ltr'>sequitur.</span> <span class='ocrx_word' id='word_1_44' title='bbox 1562 627 1774 682; x_wconf 90' lang='lat' dir='ltr'>Duobus</span> <span class='ocrx_word' id='word_1_45' title='bbox 1811 630 1938 683; x_wconf 90' lang='lat' dir='ltr'>locis</span> <span class='ocrx_word' id='word_1_46' title='bbox 1984 631 2158 700; x_wconf 88' lang='lat' dir='ltr'>perhi-</span> 
     </span>
     <span class='ocr_line' id='line_1_7' title="bbox 297 703 2157 778; baseline 0.008 -24"><span class='ocrx_word' id='word_1_47' title='bbox 297 703 443 756; x_wconf 89' lang='lat' dir='ltr'>betur</span> <span class='ocrx_word' id='word_1_48' title='bbox 489 706 636 772; x_wconf 86' lang='lat' dir='ltr'>(nam</span> <span class='ocrx_word' id='word_1_49' title='bbox 685 711 835 762; x_wconf 85' lang='lat' dir='ltr'>tertio</span> <span class='ocrx_word' id='word_1_50' title='bbox 884 710 999 765; x_wconf 94' lang='lat' dir='ltr'>loco</span> <span class='ocrx_word' id='word_1_51' title='bbox 1046 712 1229 778; x_wconf 84' lang='lat' dir='ltr'>fragm.</span> <span class='ocrx_word' id='word_1_52' title='bbox 1269 713 1374 763; x_wconf 85' lang='lat'>476</span> <span class='ocrx_word' id='word_1_53' title='bbox 1414 712 1567 765; x_wconf 91' lang='lat' dir='ltr'>Dind.</span> <span class='ocrx_word' id='word_1_54' title='bbox 1614 713 1678 766; x_wconf 93' lang='lat' dir='ltr'>de</span> <span class='ocrx_word' id='word_1_55' title='bbox 1717 715 1916 768; x_wconf 85' lang='lat' dir='ltr'>incerta</span> <span class='ocrx_word' id='word_1_56' title='bbox 1941 715 2157 769; x_wconf 90' lang='lat' dir='ltr'>Porsoni</span> 
     </span>
     <span class='ocr_line' id='line_1_8' title="bbox 294 790 883 862; baseline 0.014 -23"><span class='ocrx_word' id='word_1_57' title='bbox 294 790 592 843; x_wconf 88' lang='lat' dir='ltr'>coniectura</span> <span class='ocrx_word' id='word_1_58' title='bbox 629 792 883 862; x_wconf 85' lang='lat' dir='ltr'>additur):</span> 
     </span>
     <span class='ocr_line' id='line_1_9' title="bbox 293 871 2155 957; baseline 0.006 -32"><span class='ocrx_word' id='word_1_59' title='bbox 293 871 422 941; x_wconf 87' lang='lat' dir='ltr'>Equ.</span> <span class='ocrx_word' id='word_1_60' title='bbox 451 893 521 928; x_wconf 84' lang='lat' dir='ltr'>vs.</span> <span class='ocrx_word' id='word_1_61' title='bbox 551 877 668 930; x_wconf 82' lang='lat'>848.</span> <span class='ocrx_word' id='word_1_62' title='bbox 720 880 771 929; x_wconf 80' lang='grc' dir='ltr'>οὐ</span> <span class='ocrx_word' id='word_1_63' title='bbox 810 882 897 952; x_wconf 66' lang='grc' dir='ltr'>γάρ</span> <span class='ocrx_word' id='word_1_64' title='bbox 938 880 981 932; x_wconf 80' lang='lat'>0&#39;</span> <span class='ocrx_word' id='word_1_65' title='bbox 1005 883 1166 954; x_wconf 76' lang='grc' dir='ltr'>ἐχρῆν,</span> <span class='ocrx_word' id='word_1_66' title='bbox 1209 885 1332 954; x_wconf 75' lang='grc' dir='ltr'>εἴπερ</span> <span class='ocrx_word' id='word_1_67' title='bbox 1361 884 1511 953; x_wconf 63' lang='grc' dir='ltr'>φιλεῖς</span> <span class='ocrx_word' id='word_1_68' title='bbox 1531 885 1626 948; x_wconf 20' lang='grc' dir='ltr'>,τὸν</span> <span class='ocrx_word' id='word_1_69' title='bbox 1666 885 1833 952; x_wconf 73' lang='grc' dir='ltr'>δῆμον,</span> <span class='ocrx_word' id='word_1_70' title='bbox 1863 885 1915 935; x_wconf 81' lang='grc' dir='ltr'>ἐκ</span> <span class='ocrx_word' id='word_1_71' title='bbox 1941 889 2155 957; x_wconf 75' lang='grc' dir='ltr'>προνοίας</span> 
     </span>
    </p>

    <p class='ocr_par' dir='ltr' id='par_1_3' title="bbox 327 963 1950 1131">
     <span class='ocr_line' id='line_1_10' title="bbox 714 963 1950 1042; baseline 0.004 -24"><span class='ocrx_word' id='word_1_72' title='bbox 714 970 886 1026; x_wconf 69' lang='grc' dir='ltr'>ταύτας</span> <span class='ocrx_word' id='word_1_73' title='bbox 925 971 1005 1020; x_wconf 79' lang='grc' dir='ltr'>ἐᾶν</span> <span class='ocrx_word' id='word_1_74' title='bbox 1047 971 1219 1022; x_wconf 75' lang='grc' dir='ltr'>αὐτοῖσι</span> <span class='ocrx_word' id='word_1_75' title='bbox 1257 978 1351 1028; x_wconf 76' lang='grc' dir='ltr'>τοῖς</span> <span class='ocrx_word' id='word_1_76' title='bbox 1390 963 1612 1042; x_wconf 71' lang='grc' dir='ltr'>πόρπαξιν</span> <span class='ocrx_word' id='word_1_77' title='bbox 1653 974 1950 1042; x_wconf 76' lang='grc' dir='ltr'>ἀνατεθῆναι.</span> 
     </span>
     <span class='ocr_line' id='line_1_11' title="bbox 327 1049 1649 1131; baseline 0.008 -31"><span class='ocrx_word' id='word_1_78' title='bbox 327 1049 419 1115; x_wconf 75' lang='lat' dir='ltr'>AV.</span> <span class='ocrx_word' id='word_1_79' title='bbox 451 1069 520 1104; x_wconf 80' lang='lat' dir='ltr'>vs.</span> <span class='ocrx_word' id='word_1_80' title='bbox 551 1055 668 1106; x_wconf 82' lang='lat'>531.</span> <span class='ocrx_word' id='word_1_81' title='bbox 709 1055 835 1107; x_wconf 70' lang='grc' dir='ltr'>κούδ’</span> <span class='ocrx_word' id='word_1_82' title='bbox 876 1058 970 1119; x_wconf 75' lang='grc' dir='ltr'>οὖν,</span> <span class='ocrx_word' id='word_1_83' title='bbox 1013 1060 1136 1130; x_wconf 78' lang='grc' dir='ltr'>εἴπερ</span> <span class='ocrx_word' id='word_1_84' title='bbox 1175 1065 1322 1109; x_wconf 76' lang='grc' dir='ltr'>ταῦτα</span> <span class='ocrx_word' id='word_1_85' title='bbox 1360 1060 1482 1110; x_wconf 70' lang='grc' dir='ltr'>δοκεῖ</span> <span class='ocrx_word' id='word_1_86' title='bbox 1520 1061 1649 1131; x_wconf 72' lang='grc' dir='ltr'>δρᾶν,</span> 
     </span>
    </p>

    <p class='ocr_par' dir='ltr' id='par_1_4' title="bbox 714 1146 1496 1218">
     <span class='ocr_line' id='line_1_12' title="bbox 714 1146 1496 1218; baseline 0.005 -24"><span class='ocrx_word' id='word_1_87' title='bbox 714 1146 1024 1213; x_wconf 72' lang='grc' dir='ltr'>ὀπτησάμενοι</span> <span class='ocrx_word' id='word_1_88' title='bbox 1063 1146 1318 1218; x_wconf 72' lang='grc' dir='ltr'>παρέθενθ’</span> <span class='ocrx_word' id='word_1_89' title='bbox 1361 1147 1496 1215; x_wconf 75' lang='grc' dir='ltr'>ὑμᾶς,</span> 
     </span>
    </p>

    <p class='ocr_par' dir='ltr' id='par_1_5' title="bbox 279 1230 2150 2076">
     <span class='ocr_line' id='line_1_13' title="bbox 713 1230 1507 1306; baseline 0.008 -26"><span class='ocrx_word' id='word_1_90' title='bbox 713 1230 824 1282; x_wconf 74' lang='grc' dir='ltr'>ἀλλ’</span> <span class='ocrx_word' id='word_1_91' title='bbox 866 1234 1103 1285; x_wconf 72' lang='grc' dir='ltr'>ἐπικνῶσιν</span> <span class='ocrx_word' id='word_1_92' title='bbox 1143 1236 1294 1306; x_wconf 77' lang='grc' dir='ltr'>τυρὸν,</span> <span class='ocrx_word' id='word_1_93' title='bbox 1336 1236 1507 1286; x_wconf 72' lang='grc' dir='ltr'>ἔλαιον.</span> 
     </span>
     <span class='ocr_line' id='line_1_14' title="bbox 287 1305 2150 1392; baseline 0.009 -34"><span class='ocrx_word' id='word_1_94' title='bbox 287 1305 342 1359; x_wconf 88' lang='grc'>10</span> <span class='ocrx_word' id='word_1_95' title='bbox 382 1312 553 1378; x_wconf 87' lang='lat' dir='ltr'>priore</span> <span class='ocrx_word' id='word_1_96' title='bbox 591 1319 830 1387; x_wconf 81' lang='lat' dir='ltr'>exemplo</span> <span class='ocrx_word' id='word_1_97' title='bbox 870 1322 1123 1375; x_wconf 85' lang='lat' dir='ltr'>isiciarius</span> <span class='ocrx_word' id='word_1_98' title='bbox 1163 1323 1412 1392; x_wconf 89' lang='lat' dir='ltr'>populum</span> <span class='ocrx_word' id='word_1_99' title='bbox 1451 1341 1483 1376; x_wconf 91' lang='lat' dir='ltr'>a</span> <span class='ocrx_word' id='word_1_100' title='bbox 1509 1322 1702 1376; x_wconf 89' lang='lat' dir='ltr'>Cleone</span> <span class='ocrx_word' id='word_1_101' title='bbox 1739 1322 1909 1392; x_wconf 86' lang='lat' dir='ltr'>decipi</span> <span class='ocrx_word' id='word_1_102' title='bbox 1935 1338 2150 1391; x_wconf 89' lang='lat' dir='ltr'>persua-</span> 
     </span>
     <span class='ocr_line' id='line_1_15' title="bbox 288 1395 2150 1476; baseline 0.008 -31"><span class='ocrx_word' id='word_1_103' title='bbox 288 1409 398 1445; x_wconf 88' lang='lat' dir='ltr'>sum</span> <span class='ocrx_word' id='word_1_104' title='bbox 440 1395 598 1452; x_wconf 89' lang='lat' dir='ltr'>habet</span> <span class='ocrx_word' id='word_1_105' title='bbox 636 1409 790 1470; x_wconf 92' lang='lat' dir='ltr'>atque</span> <span class='ocrx_word' id='word_1_106' title='bbox 836 1405 903 1458; x_wconf 85' lang='lat' dir='ltr'>ad</span> <span class='ocrx_word' id='word_1_107' title='bbox 949 1408 1371 1476; x_wconf 86' lang='lat' dir='ltr'>patefaciendam</span> <span class='ocrx_word' id='word_1_108' title='bbox 1419 1409 1671 1475; x_wconf 79' lang='lat' dir='ltr'>fraudem,</span> <span class='ocrx_word' id='word_1_109' title='bbox 1721 1408 1858 1476; x_wconf 76' lang='lat' dir='ltr'>quid,</span> <span class='ocrx_word' id='word_1_110' title='bbox 1907 1409 1949 1461; x_wconf 90' lang='lat' dir='ltr'>si</span> <span class='ocrx_word' id='word_1_111' title='bbox 1992 1409 2150 1460; x_wconf 86' lang='lat' dir='ltr'>bene-</span> 
     </span>
     <span class='ocr_line' id='line_1_16' title="bbox 286 1479 2148 1564; baseline 0.009 -35"><span class='ocrx_word' id='word_1_112' title='bbox 286 1479 430 1532; x_wconf 86' lang='lat' dir='ltr'>volus</span> <span class='ocrx_word' id='word_1_113' title='bbox 478 1493 617 1537; x_wconf 87' lang='lat' dir='ltr'>esset</span> <span class='ocrx_word' id='word_1_114' title='bbox 664 1488 806 1557; x_wconf 75' lang='lat' dir='ltr'>Cleo,</span> <span class='ocrx_word' id='word_1_115' title='bbox 853 1492 1025 1546; x_wconf 88' lang='lat' dir='ltr'>facere</span> <span class='ocrx_word' id='word_1_116' title='bbox 1072 1493 1338 1547; x_wconf 87' lang='lat' dir='ltr'>debuisset</span> <span class='ocrx_word' id='word_1_117' title='bbox 1381 1495 1612 1564; x_wconf 92' lang='lat' dir='ltr'>pluribus</span> <span class='ocrx_word' id='word_1_118' title='bbox 1660 1495 1888 1563; x_wconf 82' lang='lat' dir='ltr'>exponit.</span> <span class='ocrx_word' id='word_1_119' title='bbox 1971 1493 2148 1546; x_wconf 86' lang='lat' dir='ltr'>Altero</span> 
     </span>
     <span class='ocr_line' id='line_1_17' title="bbox 284 1562 2147 1647; baseline 0.009 -33"><span class='ocrx_word' id='word_1_120' title='bbox 284 1562 398 1616; x_wconf 88' lang='lat' dir='ltr'>loco</span> <span class='ocrx_word' id='word_1_121' title='bbox 456 1570 674 1624; x_wconf 86' lang='lat' dir='ltr'>aoristus</span> <span class='ocrx_word' id='word_1_122' title='bbox 738 1578 1164 1631; x_wconf 87' lang='lat' dir='ltr'>consuetudinem</span> <span class='ocrx_word' id='word_1_123' title='bbox 1224 1580 1488 1633; x_wconf 91' lang='lat' dir='ltr'>hominum</span> <span class='ocrx_word' id='word_1_124' title='bbox 1552 1579 1808 1647; x_wconf 86' lang='lat' dir='ltr'>designat.</span> <span class='ocrx_word' id='word_1_125' title='bbox 1904 1578 2033 1631; x_wconf 90' lang='lat' dir='ltr'>Cum</span> <span class='ocrx_word' id='word_1_126' title='bbox 2095 1579 2147 1630; x_wconf 92' lang='lat' dir='ltr'>in</span> 
     </span>
     <span class='ocr_line' id='line_1_18' title="bbox 285 1652 2147 1723; baseline 0.009 -24"><span class='ocrx_word' id='word_1_127' title='bbox 285 1652 522 1706; x_wconf 92' lang='lat' dir='ltr'>omnibus</span> <span class='ocrx_word' id='word_1_128' title='bbox 550 1673 680 1723; x_wconf 89' lang='lat' dir='ltr'>quae</span> <span class='ocrx_word' id='word_1_129' title='bbox 709 1659 879 1715; x_wconf 91' lang='lat' dir='ltr'>adhuc</span> <span class='ocrx_word' id='word_1_130' title='bbox 904 1666 1259 1719; x_wconf 89' lang='lat' dir='ltr'>recensuimus</span> <span class='ocrx_word' id='word_1_131' title='bbox 1299 1667 1683 1719; x_wconf 85' lang='lat' dir='ltr'>enuntiatorum</span> <span class='ocrx_word' id='word_1_132' title='bbox 1712 1664 2147 1718; x_wconf 90' lang='lat' dir='ltr'>condicionalium</span> 
     </span>
     <span class='ocr_line' id='line_1_19' title="bbox 285 1738 2147 1821; baseline 0.009 -36"><span class='ocrx_word' id='word_1_133' title='bbox 285 1738 537 1806; x_wconf 76' lang='lat' dir='ltr'>exemplis</span> <span class='ocrx_word' id='word_1_134' title='bbox 593 1745 758 1797; x_wconf 87' lang='lat' dir='ltr'>maior</span> <span class='ocrx_word' id='word_1_135' title='bbox 821 1749 886 1800; x_wconf 86' lang='lat' dir='ltr'>sit</span> <span class='ocrx_word' id='word_1_136' title='bbox 942 1767 1186 1804; x_wconf 90' lang='lat' dir='ltr'>numerus</span> <span class='ocrx_word' id='word_1_137' title='bbox 1245 1752 1708 1821; x_wconf 86' lang='lat' dir='ltr'>praepositivarum</span> <span class='ocrx_word' id='word_1_138' title='bbox 1774 1751 2147 1803; x_wconf 86' lang='lat' dir='ltr'>sententiarum</span> 
     </span>
     <span class='ocr_line' id='line_1_20' title="bbox 283 1821 2145 1904; baseline 0.009 -34"><span class='ocrx_word' id='word_1_139' title='bbox 283 1821 734 1897; x_wconf 80' lang='lat' dir='ltr'>condicionalium,</span> <span class='ocrx_word' id='word_1_140' title='bbox 774 1832 827 1884; x_wconf 88' lang='lat' dir='ltr'>in</span> <span class='ocrx_word' id='word_1_141' title='bbox 865 1832 963 1887; x_wconf 90' lang='lat' dir='ltr'>hac</span> <span class='ocrx_word' id='word_1_142' title='bbox 1002 1837 1177 1904; x_wconf 91' lang='lat' dir='ltr'>specie</span> <span class='ocrx_word' id='word_1_143' title='bbox 1215 1837 1448 1891; x_wconf 86' lang='lat' dir='ltr'>inversus</span> <span class='ocrx_word' id='word_1_144' title='bbox 1488 1837 1836 1889; x_wconf 91' lang='lat' dir='ltr'>membrorum</span> <span class='ocrx_word' id='word_1_145' title='bbox 1875 1834 2002 1889; x_wconf 90' lang='lat' dir='ltr'>ordo</span> <span class='ocrx_word' id='word_1_146' title='bbox 2040 1835 2145 1888; x_wconf 90' lang='lat' dir='ltr'>usi-</span> 
     </span>
     <span class='ocr_line' id='line_1_21' title="bbox 281 1907 2144 1991; baseline 0.009 -36"><span class='ocrx_word' id='word_1_147' title='bbox 281 1907 434 1959; x_wconf 83' lang='lat' dir='ltr'>tatior</span> <span class='ocrx_word' id='word_1_148' title='bbox 461 1917 553 1964; x_wconf 88' lang='lat' dir='ltr'>est.</span> <span class='ocrx_word' id='word_1_149' title='bbox 613 1912 1032 1975; x_wconf 82' lang='lat' dir='ltr'>Quattuordecim</span> <span class='ocrx_word' id='word_1_150' title='bbox 1060 1922 1188 1975; x_wconf 90' lang='lat' dir='ltr'>locis</span> <span class='ocrx_word' id='word_1_151' title='bbox 1215 1925 1438 1991; x_wconf 84' lang='lat' dir='ltr'>protasis</span> <span class='ocrx_word' id='word_1_152' title='bbox 1467 1921 1839 1976; x_wconf 86' lang='lat' dir='ltr'>condicionalis</span> <span class='ocrx_word' id='word_1_153' title='bbox 1860 1921 2144 1990; x_wconf 90' lang='lat' dir='ltr'>posteriore</span> 
     </span>
     <span class='ocr_line' id='line_1_22' title="bbox 279 1989 1551 2076; baseline 0.016 -35"><span class='ocrx_word' id='word_1_154' title='bbox 279 1989 392 2044; x_wconf 93' lang='lat' dir='ltr'>loco</span> <span class='ocrx_word' id='word_1_155' title='bbox 432 1993 664 2064; x_wconf 85' lang='lat' dir='ltr'>habetur,</span> <span class='ocrx_word' id='word_1_156' title='bbox 705 2018 890 2055; x_wconf 88' lang='lat' dir='ltr'>novem</span> <span class='ocrx_word' id='word_1_157' title='bbox 929 2005 1056 2059; x_wconf 91' lang='lat' dir='ltr'>locis</span> <span class='ocrx_word' id='word_1_158' title='bbox 1095 2009 1266 2076; x_wconf 88' lang='lat' dir='ltr'>priore</span> <span class='ocrx_word' id='word_1_159' title='bbox 1304 2008 1418 2061; x_wconf 92' lang='lat' dir='ltr'>loco</span> <span class='ocrx_word' id='word_1_160' title='bbox 1459 2016 1551 2061; x_wconf 89' lang='lat' dir='ltr'>est.</span> 
     </span>
    </p>

    <p class='ocr_par' dir='ltr' id='par_1_6' title="bbox 266 2078 2139 3253">
     <span class='ocr_line' id='line_1_23' title="bbox 409 2078 2139 2164; baseline 0.006 -33"><span class='ocrx_word' id='word_1_161' title='bbox 409 2078 555 2141; x_wconf 84' lang='lat' dir='ltr'>Quod</span> <span class='ocrx_word' id='word_1_162' title='bbox 574 2083 742 2139; x_wconf 91' lang='lat' dir='ltr'>adhuc</span> <span class='ocrx_word' id='word_1_163' title='bbox 759 2092 813 2140; x_wconf 87' lang='lat' dir='ltr'>et</span> <span class='ocrx_word' id='word_1_164' title='bbox 831 2090 884 2141; x_wconf 90' lang='lat' dir='ltr'>in</span> <span class='ocrx_word' id='word_1_165' title='bbox 902 2092 1013 2144; x_wconf 88' lang='lat' dir='ltr'>sola</span> <span class='ocrx_word' id='word_1_166' title='bbox 1030 2095 1284 2161; x_wconf 89' lang='lat' dir='ltr'>particula</span> <span class='ocrx_word' id='word_1_167' title='bbox 1300 2096 1337 2144; x_wconf 76' lang='grc' dir='ltr'>εἰ</span> <span class='ocrx_word' id='word_1_168' title='bbox 1359 2097 1411 2147; x_wconf 89' lang='lat' dir='ltr'>in</span> <span class='ocrx_word' id='word_1_169' title='bbox 1428 2095 1687 2164; x_wconf 86' lang='lat' dir='ltr'>particula</span> <span class='ocrx_word' id='word_1_170' title='bbox 1708 2095 1996 2162; x_wconf 82' lang='lat' dir='ltr'>composita</span> <span class='ocrx_word' id='word_1_171' title='bbox 2017 2093 2139 2164; x_wconf 77' lang='grc' dir='ltr'>εἴπερ</span> 
     </span>
     <span class='ocr_line' id='line_1_24' title="bbox 279 2160 2139 2248; baseline 0.011 -36"><span class='ocrx_word' id='word_1_172' title='bbox 279 2160 387 2214; x_wconf 83' lang='lat' dir='ltr'>fieri</span> <span class='ocrx_word' id='word_1_173' title='bbox 411 2165 646 2235; x_wconf 76' lang='lat' dir='ltr'>vidimus,</span> <span class='ocrx_word' id='word_1_174' title='bbox 669 2178 723 2223; x_wconf 88' lang='lat' dir='ltr'>ut</span> <span class='ocrx_word' id='word_1_175' title='bbox 744 2178 1096 2230; x_wconf 80' lang='lat' dir='ltr'>concessivam</span> <span class='ocrx_word' id='word_1_176' title='bbox 1119 2181 1384 2233; x_wconf 40' lang='lat' dir='ltr'>*notionem</span> <span class='ocrx_word' id='word_1_177' title='bbox 1408 2186 1749 2246; x_wconf 86' lang='lat' dir='ltr'>assumerent,</span> <span class='ocrx_word' id='word_1_178' title='bbox 1779 2180 1832 2232; x_wconf 92' lang='lat' dir='ltr'>id</span> <span class='ocrx_word' id='word_1_179' title='bbox 1854 2180 2139 2248; x_wconf 85' lang='lat' dir='ltr'>particulae</span> 
     </span>
     <span class='ocr_line' id='line_1_25' title="bbox 278 2249 2136 2333; baseline 0.013 -38"><span class='ocrx_word' id='word_1_180' title='bbox 278 2249 315 2296; x_wconf 76' lang='grc' dir='ltr'>εἰ</span> <span class='ocrx_word' id='word_1_181' title='bbox 354 2266 468 2304; x_wconf 88' lang='lat' dir='ltr'>cum</span> <span class='ocrx_word' id='word_1_182' title='bbox 515 2256 590 2303; x_wconf 77' lang='grc' dir='ltr'>καί</span> <span class='ocrx_word' id='word_1_183' title='bbox 639 2260 944 2314; x_wconf 86' lang='lat' dir='ltr'>coniunctae</span> <span class='ocrx_word' id='word_1_184' title='bbox 991 2281 1197 2333; x_wconf 89' lang='lat' dir='ltr'>semper</span> <span class='ocrx_word' id='word_1_185' title='bbox 1235 2266 1441 2332; x_wconf 83' lang='lat' dir='ltr'>accidit,</span> <span class='ocrx_word' id='word_1_186' title='bbox 1484 2266 1704 2319; x_wconf 89' lang='lat' dir='ltr'>dicimus</span> <span class='ocrx_word' id='word_1_187' title='bbox 1745 2267 2136 2319; x_wconf 86' lang='lat' dir='ltr'>coniunctiones</span> 
     </span>
     <span class='ocr_line' id='line_1_26' title="bbox 276 2336 2137 2421; baseline 0.011 -38"><span class='ocrx_word' id='word_1_188' title='bbox 276 2336 343 2384; x_wconf 79' lang='grc' dir='ltr'>κεί</span> <span class='ocrx_word' id='word_1_189' title='bbox 383 2348 432 2391; x_wconf 92' lang='lat' dir='ltr'>et</span> <span class='ocrx_word' id='word_1_190' title='bbox 472 2341 509 2389; x_wconf 77' lang='grc' dir='ltr'>εἰ</span> <span class='ocrx_word' id='word_1_191' title='bbox 544 2343 634 2392; x_wconf 76' lang='grc' dir='ltr'><strong>καί.</strong></span> <span class='ocrx_word' id='word_1_192' title='bbox 715 2344 1071 2401; x_wconf 90' lang='lat' dir='ltr'>Condicionali</span> <span class='ocrx_word' id='word_1_193' title='bbox 1111 2353 1377 2405; x_wconf 85' lang='lat' dir='ltr'>enuntiato</span> <span class='ocrx_word' id='word_1_194' title='bbox 1408 2354 1614 2421; x_wconf 89' lang='lat' dir='ltr'>proprie</span> <span class='ocrx_word' id='word_1_195' title='bbox 1653 2353 1971 2418; x_wconf 88' lang='lat' dir='ltr'>significatur</span> <span class='ocrx_word' id='word_1_196' title='bbox 2001 2351 2137 2420; x_wconf 93' lang='lat' dir='ltr'>quod</span> 
     </span>
     <span class='ocr_line' id='line_1_27' title="bbox 274 2426 2136 2506; baseline 0.009 -33"><span class='ocrx_word' id='word_1_197' title='bbox 274 2426 545 2490; x_wconf 82' lang='lat' dir='ltr'>praegredi</span> <span class='ocrx_word' id='word_1_198' title='bbox 592 2445 806 2483; x_wconf 86' lang='lat' dir='ltr'>necesse</span> <span class='ocrx_word' id='word_1_199' title='bbox 846 2439 937 2498; x_wconf 78' lang='lat' dir='ltr'>est,</span> <span class='ocrx_word' id='word_1_200' title='bbox 977 2436 1271 2503; x_wconf 87' lang='lat' dir='ltr'>priusquam</span> <span class='ocrx_word' id='word_1_201' title='bbox 1320 2438 1423 2490; x_wconf 90' lang='lat' dir='ltr'>alia</span> <span class='ocrx_word' id='word_1_202' title='bbox 1460 2455 1542 2490; x_wconf 86' lang='lat' dir='ltr'>res</span> <span class='ocrx_word' id='word_1_203' title='bbox 1588 2438 1696 2490; x_wconf 82' lang='lat' dir='ltr'>fieri</span> <span class='ocrx_word' id='word_1_204' title='bbox 1746 2439 1928 2506; x_wconf 82' lang='lat' dir='ltr'>possit3</span> <span class='ocrx_word' id='word_1_205' title='bbox 1970 2454 2136 2504; x_wconf 89' lang='lat' dir='ltr'>neque</span> 
     </span>
     <span class='ocr_line' id='line_1_28' title="bbox 275 2515 2134 2589; baseline 0.009 -31"><span class='ocrx_word' id='word_1_206' title='bbox 275 2524 390 2560; x_wconf 86' lang='lat' dir='ltr'>vero</span> <span class='ocrx_word' id='word_1_207' title='bbox 431 2515 802 2568; x_wconf 86' lang='lat' dir='ltr'>sententiarum</span> <span class='ocrx_word' id='word_1_208' title='bbox 831 2520 960 2572; x_wconf 81' lang='lat' dir='ltr'>ratio</span> <span class='ocrx_word' id='word_1_209' title='bbox 989 2523 1227 2589; x_wconf 89' lang='lat' dir='ltr'>opposita</span> <span class='ocrx_word' id='word_1_210' title='bbox 1266 2529 1362 2589; x_wconf 79' lang='lat' dir='ltr'>est,</span> <span class='ocrx_word' id='word_1_211' title='bbox 1402 2532 1458 2576; x_wconf 90' lang='lat' dir='ltr'>ut</span> <span class='ocrx_word' id='word_1_212' title='bbox 1497 2524 1661 2576; x_wconf 88' lang='lat' dir='ltr'>altera</span> <span class='ocrx_word' id='word_1_213' title='bbox 1699 2524 1887 2588; x_wconf 73' lang='lat' dir='ltr'>valeat,</span> <span class='ocrx_word' id='word_1_214' title='bbox 1931 2523 2134 2575; x_wconf 82' lang='lat' dir='ltr'>etiamsi</span> 
     </span>
     <span class='ocr_line' id='line_1_29' title="bbox 274 2592 2135 2678; baseline 0.01 -36"><span class='ocrx_word' id='word_1_215' title='bbox 274 2592 437 2646; x_wconf 85' lang='lat' dir='ltr'>altera</span> <span class='ocrx_word' id='word_1_216' title='bbox 476 2596 578 2649; x_wconf 88' lang='lat' dir='ltr'>fiat.</span> <span class='ocrx_word' id='word_1_217' title='bbox 656 2600 709 2652; x_wconf 84' lang='lat' dir='ltr'>Si</span> <span class='ocrx_word' id='word_1_218' title='bbox 749 2603 1122 2659; x_wconf 89' lang='lat' dir='ltr'>condicionalis</span> <span class='ocrx_word' id='word_1_219' title='bbox 1163 2610 1413 2662; x_wconf 87' lang='lat' dir='ltr'>enuntiati</span> <span class='ocrx_word' id='word_1_220' title='bbox 1452 2610 1686 2662; x_wconf 89' lang='lat' dir='ltr'>membra</span> <span class='ocrx_word' id='word_1_221' title='bbox 1722 2611 1795 2662; x_wconf 89' lang='lat' dir='ltr'>ita</span> <span class='ocrx_word' id='word_1_222' title='bbox 1833 2618 2135 2678; x_wconf 88' lang='lat' dir='ltr'>comparata</span> 
     </span>
     <span class='ocr_line' id='line_1_30' title="bbox 272 2686 2130 2764; baseline 0.01 -37"><span class='ocrx_word' id='word_1_223' title='bbox 272 2689 403 2744; x_wconf 79' lang='lat' dir='ltr'>sunt,</span> <span class='ocrx_word' id='word_1_224' title='bbox 450 2686 804 2739; x_wconf 82' lang='lat' dir='ltr'>concessivam</span> <span class='ocrx_word' id='word_1_225' title='bbox 844 2705 1148 2759; x_wconf 84' lang='lat' dir='ltr'>compagem</span> <span class='ocrx_word' id='word_1_226' title='bbox 1189 2694 1322 2746; x_wconf 84' lang='lat' dir='ltr'>effici</span> <span class='ocrx_word' id='word_1_227' title='bbox 1369 2703 1598 2764; x_wconf 87' lang='lat' dir='ltr'>apparet.</span> <span class='ocrx_word' id='word_1_228' title='bbox 1676 2694 1769 2758; x_wconf 84' lang='lat' dir='ltr'>Qui</span> <span class='ocrx_word' id='word_1_229' title='bbox 1817 2695 2008 2747; x_wconf 89' lang='lat' dir='ltr'>factum</span> <span class='ocrx_word' id='word_1_230' title='bbox 2050 2695 2130 2760; x_wconf 83' lang='lat' dir='ltr'>sit,</span> 
     </span>
     <span class='ocr_line' id='line_1_31' title="bbox 271 2765 2128 2847; baseline 0.01 -33"><span class='ocrx_word' id='word_1_231' title='bbox 271 2777 322 2815; x_wconf 91' lang='lat' dir='ltr'>ut</span> <span class='ocrx_word' id='word_1_232' title='bbox 362 2765 399 2812; x_wconf 78' lang='grc' dir='ltr'>εἰ</span> <span class='ocrx_word' id='word_1_233' title='bbox 425 2769 499 2815; x_wconf 81' lang='grc' dir='ltr'>καί</span> <span class='ocrx_word' id='word_1_234' title='bbox 538 2770 589 2820; x_wconf 93' lang='lat' dir='ltr'>in</span> <span class='ocrx_word' id='word_1_235' title='bbox 618 2772 720 2823; x_wconf 91' lang='lat' dir='ltr'>vim</span> <span class='ocrx_word' id='word_1_236' title='bbox 750 2777 1101 2828; x_wconf 84' lang='lat' dir='ltr'>concessivam</span> <span class='ocrx_word' id='word_1_237' title='bbox 1145 2779 1328 2845; x_wconf 87' lang='lat' dir='ltr'>abiret,</span> <span class='ocrx_word' id='word_1_238' title='bbox 1367 2782 1691 2847; x_wconf 84' lang='lat' dir='ltr'>grammatici</span> <span class='ocrx_word' id='word_1_239' title='bbox 1720 2789 1872 2833; x_wconf 87' lang='lat' dir='ltr'>aucta</span> <span class='ocrx_word' id='word_1_240' title='bbox 1910 2781 1957 2831; x_wconf 84' lang='lat' dir='ltr'>vi</span> <span class='ocrx_word' id='word_1_241' title='bbox 2005 2796 2128 2832; x_wconf 90' lang='lat' dir='ltr'>con—</span> 
     </span>
     <span class='ocr_line' id='line_1_32' title="bbox 271 2849 2127 2931; baseline 0.01 -32"><span class='ocrx_word' id='word_1_242' title='bbox 271 2849 512 2903; x_wconf 86' lang='lat' dir='ltr'>dicionali</span> <span class='ocrx_word' id='word_1_243' title='bbox 541 2856 799 2923; x_wconf 83' lang='lat' dir='ltr'>explicare</span> <span class='ocrx_word' id='word_1_244' title='bbox 826 2860 1014 2913; x_wconf 88' lang='lat' dir='ltr'>frustra</span> <span class='ocrx_word' id='word_1_245' title='bbox 1040 2863 1251 2916; x_wconf 84' lang='lat' dir='ltr'>student</span> <span class='ocrx_word' id='word_1_246' title='bbox 1278 2867 1463 2931; x_wconf 88' lang='lat' dir='ltr'>(instar</span> <span class='ocrx_word' id='word_1_247' title='bbox 1489 2867 1716 2919; x_wconf 89' lang='lat' dir='ltr'>omnium</span> <span class='ocrx_word' id='word_1_248' title='bbox 1746 2865 1864 2918; x_wconf 88' lang='lat' dir='ltr'>vide</span> <span class='ocrx_word' id='word_1_249' title='bbox 1886 2865 2127 2918; x_wconf 87' lang='lat' dir='ltr'>Kuehne-</span> 
     </span>
     <span class='ocr_line' id='line_1_33' title="bbox 269 2937 2127 3020; baseline 0.01 -37"><span class='ocrx_word' id='word_1_250' title='bbox 269 2950 378 2985; x_wconf 87' lang='lat' dir='ltr'>rum</span> <span class='ocrx_word' id='word_1_251' title='bbox 410 2953 455 3004; x_wconf 91' lang='lat' dir='ltr'>p.</span> <span class='ocrx_word' id='word_1_252' title='bbox 486 2937 627 3006; x_wconf 84' lang='lat'>989),</span> <span class='ocrx_word' id='word_1_253' title='bbox 663 2957 775 2994; x_wconf 93' lang='lat' dir='ltr'>cum</span> <span class='ocrx_word' id='word_1_254' title='bbox 817 2945 870 2996; x_wconf 93' lang='lat' dir='ltr'>in</span> <span class='ocrx_word' id='word_1_255' title='bbox 911 2963 970 2999; x_wconf 94' lang='lat' dir='ltr'>eo</span> <span class='ocrx_word' id='word_1_256' title='bbox 1002 2964 1205 3001; x_wconf 90' lang='lat' dir='ltr'>summa</span> <span class='ocrx_word' id='word_1_257' title='bbox 1242 2952 1413 3018; x_wconf 90' lang='lat' dir='ltr'>posita</span> <span class='ocrx_word' id='word_1_258' title='bbox 1451 2953 1535 3017; x_wconf 78' lang='lat' dir='ltr'>sit,</span> <span class='ocrx_word' id='word_1_259' title='bbox 1575 2951 1712 3019; x_wconf 92' lang='lat' dir='ltr'>quod</span> <span class='ocrx_word' id='word_1_260' title='bbox 1758 2952 2016 3020; x_wconf 89' lang='lat' dir='ltr'>particula</span> <span class='ocrx_word' id='word_1_261' title='bbox 2052 2954 2127 3002; x_wconf 75' lang='grc' dir='ltr'>καί</span> 
     </span>
     <span class='ocr_line' id='line_1_34' title="bbox 269 3019 2123 3104; baseline 0.012 -37"><span class='ocrx_word' id='word_1_262' title='bbox 269 3019 376 3071; x_wconf 89' lang='lat' dir='ltr'>eius</span> <span class='ocrx_word' id='word_1_263' title='bbox 418 3023 555 3073; x_wconf 89' lang='lat' dir='ltr'>verbi</span> <span class='ocrx_word' id='word_1_264' title='bbox 595 3025 691 3076; x_wconf 89' lang='lat' dir='ltr'>vim</span> <span class='ocrx_word' id='word_1_265' title='bbox 734 3034 890 3094; x_wconf 84' lang='lat' dir='ltr'>auget</span> <span class='ocrx_word' id='word_1_266' title='bbox 929 3032 1073 3085; x_wconf 91' lang='lat' dir='ltr'>cuius</span> <span class='ocrx_word' id='word_1_267' title='bbox 1113 3035 1252 3087; x_wconf 92' lang='lat' dir='ltr'>notio</span> <span class='ocrx_word' id='word_1_268' title='bbox 1293 3035 1539 3104; x_wconf 87' lang='lat' dir='ltr'>apodosis</span> <span class='ocrx_word' id='word_1_269' title='bbox 1579 3038 1768 3090; x_wconf 85' lang='lat' dir='ltr'>actioni</span> <span class='ocrx_word' id='word_1_270' title='bbox 1809 3039 2123 3090; x_wconf 87' lang='lat' dir='ltr'>contrarium</span> 
     </span>
     <span class='ocr_line' id='line_1_35' title="bbox 268 3103 2123 3190; baseline 0.014 -38"><span class='ocrx_word' id='word_1_271' title='bbox 268 3110 364 3154; x_wconf 83' lang='lat' dir='ltr'>est.</span> <span class='ocrx_word' id='word_1_272' title='bbox 439 3103 571 3167; x_wconf 85' lang='lat' dir='ltr'>Quid</span> <span class='ocrx_word' id='word_1_273' title='bbox 634 3113 854 3164; x_wconf 89' lang='lat' dir='ltr'>sentiam</span> <span class='ocrx_word' id='word_1_274' title='bbox 918 3132 1017 3168; x_wconf 89' lang='lat' dir='ltr'>uno</span> <span class='ocrx_word' id='word_1_275' title='bbox 1082 3119 1320 3188; x_wconf 79' lang='lat' dir='ltr'>exemplo</span> <span class='ocrx_word' id='word_1_276' title='bbox 1383 3121 1764 3190; x_wconf 87' lang='lat' dir='ltr'>Aristophaneo</span> <span class='ocrx_word' id='word_1_277' title='bbox 1827 3122 2123 3190; x_wconf 87' lang='lat' dir='ltr'>declarab0‚</span> 
     </span>
     <span class='ocr_line' id='line_1_36' title="bbox 266 3183 579 3253; baseline 0.029 -18"><span class='ocrx_word' id='word_1_278' title='bbox 266 3183 579 3253; x_wconf 84' lang='lat' dir='ltr'>Lysistratae</span> 
     </span>
    </p>

    <p class='ocr_par' dir='ltr' id='par_1_7' title="bbox 336 3275 2024 3455">
     <span class='ocr_line' id='line_1_37' title="bbox 336 3275 2024 3363; baseline 0.015 -41"><span class='ocrx_word' id='word_1_279' title='bbox 336 3288 406 3323; x_wconf 76' lang='lat' dir='ltr'>VS.</span> <span class='ocrx_word' id='word_1_280' title='bbox 446 3275 564 3328; x_wconf 80' lang='lat'>254.</span> <span class='ocrx_word' id='word_1_281' title='bbox 604 3279 744 3348; x_wconf 79' lang='grc' dir='ltr'>χώρει</span> <span class='ocrx_word' id='word_1_282' title='bbox 785 3283 987 3351; x_wconf 76' lang='grc' dir='ltr'>Δράκης,</span> <span class='ocrx_word' id='word_1_283' title='bbox 1029 3286 1144 3353; x_wconf 63' lang='grc' dir='ltr'>ἡγοῦ</span> <span class='ocrx_word' id='word_1_284' title='bbox 1184 3288 1347 3358; x_wconf 72' lang='grc' dir='ltr'>βάδην,</span> <span class='ocrx_word' id='word_1_285' title='bbox 1390 3292 1428 3341; x_wconf 77' lang='grc' dir='ltr'>εἰ</span> <span class='ocrx_word' id='word_1_286' title='bbox 1466 3292 1542 3341; x_wconf 80' lang='grc' dir='ltr'>καὶ</span> <span class='ocrx_word' id='word_1_287' title='bbox 1580 3293 1657 3343; x_wconf 80' lang='grc' dir='ltr'>τὸν</span> <span class='ocrx_word' id='word_1_288' title='bbox 1698 3292 1826 3361; x_wconf 79' lang='grc' dir='ltr'>ὦμον</span> <span class='ocrx_word' id='word_1_289' title='bbox 1867 3295 2024 3363; x_wconf 65' lang='grc' dir='ltr'>ἀλγεῖς</span> 
     </span>
     <span class='ocr_line' id='line_1_38' title="bbox 608 3373 1867 3455; baseline 0.014 -42"><span class='ocrx_word' id='word_1_290' title='bbox 608 3373 781 3435; x_wconf 78' lang='grc' dir='ltr'>κορμοῦ</span> <span class='ocrx_word' id='word_1_291' title='bbox 822 3374 1056 3422; x_wconf 75' lang='grc' dir='ltr'>τοσουτονὶ</span> <span class='ocrx_word' id='word_1_292' title='bbox 1094 3373 1236 3446; x_wconf 77' lang='grc' dir='ltr'>βάρος</span> <span class='ocrx_word' id='word_1_293' title='bbox 1274 3380 1470 3452; x_wconf 77' lang='grc' dir='ltr'>χλωρᾶς</span> <span class='ocrx_word' id='word_1_294' title='bbox 1509 3385 1664 3455; x_wconf 68' lang='grc' dir='ltr'>φέρων</span> <span class='ocrx_word' id='word_1_295' title='bbox 1704 3385 1867 3444; x_wconf 76' lang='grc' dir='ltr'>ἐλάας,</span> 
     </span>
    </p>
   </div>
  </div>
 </body>
</html>
