2266 3722
1017 149 1361 199 ..42-

266 308 323 361 R.
365 323 434 359 VS.
477 309 559 359 73.
969 309 1101 354 τοῦτο
1139 309 1225 373 γάρ
1262 321 1328 352 τοι
1365 302 1441 352 καὶ
1478 306 1616 370 μόνον

599 392 663 443 ἔτ’
703 393 798 443 ἐστὶ
833 391 990 442 λοιπὸν
1030 391 1223 458 ἀγαθόν,
1262 391 1300 440 εἰ
1337 389 1412 439 καὶ
1448 388 1571 440 τοῦτ’
1611 392 1718 461 ἄρα.

268 479 391 533 Ach.
432 496 502 532 vs.
541 479 660 531 562.
701 477 780 529 εἶτ’
820 480 858 529 εἰ
890 479 1059 543 binata,
1099 482 1259 527 τοῦτον
1297 477 1432 526 εἰπεῖν
1472 475 1571 527 αὔτ’
1595 477 1755 548 ἐχρῆν;

407 565 498 628 Qui
547 565 965 633 aequabilitatem
1012 564 1362 617 membrorum
1408 565 1460 615 in
1518 564 1797 617 enuntiatis
1855 563 2115 616 condicio-

267 651 469 704 nalibus
515 651 741 704 nativam
786 651 961 717 legem·
1004 653 1238 703 statuunt
1294 665 1411 702 cum
1468 649 1521 701 in
1579 647 2118 702 ceteris'dictionibus

268 735 666 805 compendiariis
724 742 830 787 tum
887 736 939 787 in
998 735 1278 787 enuntiatis
1335 734 1717 803 comparativis,
1768 733 1855 786 ubi
1900 732 1992 785 illa
2033 732 2151 785 lex·

266 821 456 874 violata
493 825 587 887 est,
626 837 718 890 per
755 819 1086 873 incredibiles
1126 819 1333 888 ellipses
1371 819 1684 888 primitivam
1724 834 1877 886 quam
1921 819 2121 886 fingunt

267 908 519 960 rationem
557 906 843 958 restituunt,
906 905 1062 974 Apud
1101 892 1506 973 Aristophanem
1546 904 1812 957 enuntiata
1849 919 2120 973 compara-

264 993 368 1044 tiva
404 981 666 1061 particulis
694 991 759 1048 ὡς
790 992 829 1042 εἰ
855 1007 968 1044 cum
998 990 1224 1060 optativo
1251 990 1441 1042 iunctis
1468 988 1689 1042 formata
1720 988 1976 1042 habentur
2001 989 2119 1043 tria.

267 1078 542 1132 Omisimus
589 1079 821 1132 consulto
870 1077 999 1130 haec
1054 1076 1296 1147 exempla
1351 1077 1404 1128 in
1452 1077 1622 1146 capite
1669 1075 1735 1130 de
1778 1075 2035 1146 particula
2082 1077 2122 1128 εἰ

266 1182 379 1219 cum
421 1167 645 1236 optativo
687 1165 930 1235 copulata
968 1181 1085 1218 cum
1124 1163 1221 1217 hac
1249 1164 1686 1234 opportunissima
1723 1163 1807 1216 via
1843 1162 1911 1216 ad
1947 1164 2121 1234 pristi-

265 1268 384 1303 nam
422 1252 705 1321 particulae
744 1253 781 1302 εἰ
818 1252 922 1304 vim
962 1251 1119 1303 etiam
1158 1251 1270 1303 sine
1317 1251 1471 1303 verbo
1518 1249 1662 1303 finito
1708 1243 1969 1303 valentem
2015 1255 2122 1304 tra-

266 1337 529 1390 ducamur.
613 1338 760 1402 Quod
808 1345 863 1390 ut
907 1338 1109 1391 ratione
1156 1353 1217 1390 ac
1263 1337 1347 1389 via
1391 1337 1496 1405 fiat,
1552 1337 1759 1391 initium
1808 1337 2041 1407 capimus
2091 1354 2124 1391 a

265 1424 494 1477 versibus
536 1423 673 1478 Eccl.
717 1426 832 1476 125.
872 1425 1220 1493 καταγέλαστον
1257 1424 1308 1474 τὸ
1347 1432 1536 1496 πρᾶγμα
1574 1425 1794 1495 φαίνεται.

683 1512 831 1565 Prax.
872 1518 972 1569 τῶς
1010 1530 1097 1562 κα·
1082 1513 1382 1580 αγέ)αστον;
1422 1511 1545 1565 Mul.
1587 1512 1742 1584 ὥσπερ
1773 1513 1901 1570 εἴτις
1939 1513 2125 1582 σηπίαις

873 1602 1075 1668 πώγωνά
1112 1619 1165 1651 πε
1145 1601 1389 1672 ,ιροήσειεν
1428 1600 1612 1651 ἑστᾱθε
1605 1603 1803 1668 υμέναις.

272 1684 567 1738 Mulieribus
631 1685 753 1754 quid
813 1687 866 1740 in
931 1689 1170 1742 contione
1233 1687 1464 1741 dicturae
1526 1694 1699 1742 essent
1757 1687 2127 1744 meditantibus

270 1770 566 1839 Praxagora
604 1778 782 1826 auctor
818 1774 1001 1842 fuerat,
1041 1781 1097 1827 ut
1137 1774 1320 1828 barbas
1359 1774 1459 1828 sibi
1485 1773 1914 1842 circumligarent.
1971 1772 2124 1826 Inau-

271 1855 378 1909 dita
422 1858 851 1928 metamorphosis
898 1861 1025 1930 ipsis
1072 1860 1391 1914 mulierculis
1447 1860 1607 1914 risum
1663 1866 1852 1928 movet,
1909 1876 2123 1929 quarum

269 1959 371 1994 una
417 1943 657 1998 mulieres
704 1945 947 1999 barbatas
995 1962 1111 2000 cum
1160 1947 1318 2016 sepiis
1365 1947 1553 2000 assatis
1601 1952 1882 2016 comparat.
1958 1944 2123 2013 Vulgo

270 2030 590 2083 enuntiatum
630 2030 989 2085 condicionale
1027 2033 1101 2086 sic
1128 2032 1418 2102 suppletur.
1458 2051 1546 2083 κα·
1531 2033 1666 2101 αγέ)
1668 2051 1806 2084 cas-„ov
1845 2032 1896 2083 τὸ
1935 2039 2124 2103 πρᾶγμα

271 2118 400 2186 φαίνε
403 2136 487 2175 ται,
538 2118 691 2190 ὥσπερ
739 2138 826 2170 κατ
811 2139 909 2221 ore(
891 2121 1086 2172 ἔὶαστον
1135 2120 1190 2172 ἂν
1240 2141 1317 2192 φα·
1314 2122 1386 2172 ’νο
1380 2139 1458 2184 πο,
1509 2122 1658 2178 εἴτις
1702 2140 1812 2190 σηπ.
1803 2122 1885 2178 ἀις
1922 2122 2125 2189 πώγωνα

270 2224 494 2276 por,
499 2225 544 2256 εν
603 2208 681 2257 ἑτσ
685 2208 773 2258 αθε
779 2227 861 2275 ope
865 2228 975 2265 aaz.
1062 2208 1113 2261 Si
1179 2225 1243 2260 ex
1298 2209 1536 2262 uberiore
1591 2208 1689 2262 hac
1744 2209 1912 2262 forma
1967 2208 2126 2262 verba

269 2292 456 2345 tradita
494 2295 666 2347 nescio
707 2311 807 2362 qua
844 2297 928 2348 via
965 2301 1078 2348 orta
1117 2301 1304 2362 essent,
1343 2296 1396 2348 in
1422 2296 1702 2350 vetustiore
1740 2296 1992 2350 sermonis
2028 2312 2125 2350 usu

271 2395 427 2428 unum
456 2379 638 2432 saltem
668 2380 964 2450 exemplum
993 2381 1396 2450 comparationis
1422 2380 1577 2450 plene
1611 2398 1891 2452 expressae
1918 2387 2125 2435 exstare

273 2465 378 2514 iure
425 2470 859 2533 exspectaremus.
935 2465 1038 2519 Sed
1082 2467 1390 2536 scriptorum
1436 2483 1558 2520 usus
1604 2466 1727 2521 inde
1784 2468 1849 2521 ab
1898 2467 2124 2521 Homero

273 2554 468 2600 tantum
507 2550 654 2603 abest
690 2556 745 2603 ut
781 2551 942 2604 ullum
980 2551 1132 2605 fictae
1157 2552 1293 2606 illius
1319 2553 1534 2606 rationis
1561 2554 1834 2622 vestigium
1858 2554 2124 2624 praebeat,

273 2638 326 2684 ut
363 2634 486 2702 ipsis
525 2635 891 2704 antiquissimis
922 2638 1239 2707 temporibus
1278 2638 1435 2692 verba
1462 2638 1528 2695 ὡς
1566 2639 1605 2689 εἰ
1642 2638 1830 2693 nullius
1869 2640 2124 2694 enuntiati

272 2719 560 2789 interpositi
608 2739 705 2792 ope
751 2740 868 2776 cum
915 2726 1142 2794 optativo
1189 2729 1486 2779 constructa
1532 2742 1647 2780 esse
1697 2725 1897 2780 doceat.
1982 2725 2125 2790 Quae

274 2820 387 2856 cum
427 2806 498 2858 ita
536 2808 637 2860 sint
674 2814 819 2862 vetus
858 2809 1040 2863 horum
1080 2811 1461 2864 enuntiatorum
1488 2811 1786 2882 explicandi
1821 2813 1953 2866 ratio
1987 2817 2126 2867 stare

274 2906 376 2943 non
423 2894 609 2960 poterit
654 2911 821 2963 neque
866 2894 1042 2949 dubito
1087 2895 1285 2964 Langio
1333 2899 1569 2951 assentiri
1618 2899 1702 2966 qui
1748 2899 2014 2952 enuntiata
2059 2899 2124 2953 ab

275 2978 311 3025 εἰ
372 2977 670 3046 incipientia
729 2981 976 3051 primaria
1035 2981 1194 3035 fuisse
1256 2981 1497 3050 ostendit,
1561 2999 1692 3052 quae
1760 2983 2125 3053 progrediente

275 3062 480 3114 demum
508 3070 676 3117 aetate
703 3065 1011 3119 secundaria
1037 3067 1174 3120 facta
1212 3074 1342 3121 sunt.
1417 3067 1595 3137 Itaque
1632 3067 1732 3123 hoc
1768 3069 1883 3124 loco
1921 3070 2123 3139 mulier,

277 3148 529 3214 quendam
570 3150 725 3218 sepiis
763 3153 948 3204 assatis
987 3152 1201 3205 barbam
1241 3153 1599 3221 circumligare
1636 3156 1825 3224 posuit,
1873 3173 2005 3225 quae
2043 3173 2124 3210 res

277 3234 509 3286 omnibus
555 3234 752 3288 scilicet
795 3237 927 3290 risus
973 3236 1133 3304 daret,
1191 3238 1461 3308 simileque
1517 3240 1813 3310 exemplum
1869 3240 2126 3311 particula

279 3317 343 3373 ὡς
368 3318 417 3369 ἰη
446 3320 883 3388 comparationem
913 3338 1028 3374 cum
1056 3323 1355 3378 mulieribus
1382 3324 1611 3378 barbatis
1640 3330 1866 3380 vocatur.
1922 3325 2126 3395 Lingua

279 3405 552 3456 vernacula
598 3406 697 3456 vim
746 3407 1027 3474 particulae
1073 3410 1111 3459 εἰ
1166 3411 1373 3462 insitam
1431 3409 1649 3464 reddere
1704 3414 1999 3480 possumus:
2052 3411 2124 3467 Es
