2266 3722
1031 135 1340 184 -8-

399 287 645 341 Venimus
684 288 751 340 ad
787 288 840 340 id
879 288 1199 343 condicionis
1232 306 1412 356 genuS‚
1453 290 1588 358 quod
1616 293 1856 359 quoniam
1895 293 1948 344 in
1987 309 2114 362 apo-

260 371 373 426 dosi
426 372 737 427 indicativus
796 375 1016 427 aoristus
1073 375 1183 427 sive
1220 374 1390 427 nudus
1447 375 1554 428 sive
1611 378 1938 430 consociatus
1996 394 2113 430 cum

259 458 514 525 particula
561 461 616 508 ἄν
654 457 928 511 exhibetur
974 458 1041 511 ad
1078 475 1187 511 rem
1233 476 1338 512 non
1375 459 1566 512 factam
1613 461 1863 515 referatur
1900 479 2116 516 necesse

261 549 352 594 est.
427 541 727 598 Postulatur
773 561 838 597 ex
876 544 1129 596 sermonis
1167 545 1341 610 graeci
1386 544 1587 611 legibus
1626 547 1783 598 etiam
1828 548 1881 599 in
1921 549 2115 616 protasi

259 625 567 682 indicativus
607 630 785 682 aoristi
825 629 958 695 (sive
983 628 1326 698 imperfecti);
1366 630 1688 697 significatur
1715 632 1854 684 enim
1891 632 1946 684 id
1981 632 2118 701 quod

261 712 421 779 fieret,
463 715 506 766 si
545 721 752 768 servata
797 722 936 767 esset
973 714 1229 781 condici0,
1277 715 1370 768 sed
1425 732 1529 768 non
1584 714 1657 782 fit,
1715 718 1835 784 quia
1880 733 1984 770 non
2041 725 2120 772 est

261 805 477 850 servata.
561 798 753 861 Quodsi
799 800 853 851 in
897 799 1077 852 talium
1125 801 1511 853 enuntiatorum
1565 802 1763 869 protasi
1808 801 2155 856 indicativus·

261 884 547 950 praesentis
593 884 867 938 adhibetur
912 884 1229 951 singularem
1276 885 1679 954 explicationem
1734 886 1905 953 habet,
1952 903 2121 956 neque

263 974 499 1034 quattuor
537 969 890 1039 exemplorum
919 986 1050 1039 quae
1089 969 1229 1038 apud
1252 970 1654 1040 Aristophanem
1682 971 1955 1024 traduntur
1991 973 2121 1025 ratio

263 1069 469 1120 prorsus
509 1053 693 1107 eadem
729 1060 823 1109 est.
898 1054 955 1107 In
995 1055 1328 1125 depingenda
1365 1055 1631 1110 hominum
1669 1057 1922 1110 alatorum
1958 1058 2122 1110 felici-

262 1130 778 1209 tateAristophanes
816 1142 1039 1210 primum
1079 1143 1239 1194 utitur
1277 1143 1580 1211 imperfecto
1621 1145 1658 1193 εἴ
1697 1162 1761 1200 τις
1787 1144 1845 1212 ἦν
1873 1143 2123 1216 ὑπόπτερος

374 1266 384 1276 .
428 1227 705 1294 ἐκπτόμενος
744 1231 798 1277 ἆν
839 1230 971 1285 οὗτος
1009 1231 1259 1300 ἠρίστησεν
1300 1229 1460 1280 {mura
1501 1231 1670 1291 οἴκαδε,
1713 1230 1805 1283 sed
1842 1233 2034 1300 pergit:

333 1313 428 1365 Av.
456 1331 527 1367 vs.
558 1316 674 1366 790.
717 1318 756 1366 εἴ
793 1335 843 1366 τε
882 1315 1235 1388 Πατροκλείδης
1273 1336 1337 1374 τις
1378 1317 1505 1385 ὑμῶν
1545 1323 1757 1388 τυγχάνει
1795 1323 2047 1388 χεζητιῶν,

939 1396 1022 1424 ,Μ

554 1491 671 1543 793.
712 1494 749 1542 εἴ
787 1511 836 1542 τε
876 1494 1103 1562 μοιχεύων
1142 1511 1208 1548 τις
1248 1492 1376 1560 ὑμῶν
1417 1493 1535 1542 ἐστιν
1576 1495 1698 1549 ὅστις
1736 1498 1963 1562 τυγχάνει,

555 1579 671 1630 795.
713 1581 845 1636 οὗτος
884 1583 938 1630 ἀν
980 1581 1115 1630 πάλιν
1156 1583 1245 1651 παῤ
1287 1580 1414 1647 ὑμῶν
1454 1582 1725 1651 πτερυγίσας
1766 1583 2000 1631 ἀνέπτετο.

268 1659 519 1730 Praesens
566 1672 769 1735 tempus
818 1667 883 1720 de
930 1667 1225 1721 hominibus
1272 1668 1449 1736 quales
1505 1675 1744 1736 spectant
1798 1667 2123 1721 comoediam

268 1757 555 1816 usurpatur,
582 1751 826 1820 apodosis
866 1753 934 1805 ad
959 1770 1069 1806 rem
1107 1771 1208 1807 non
1245 1770 1364 1806 rere
1402 1753 1597 1807 factam
1624 1754 1867 1822 pertinet.
1941 1753 2126 1806 Melius

267 1832 509 1888 elucescit
546 1838 807 1906 utriusque
848 1840 1067 1892 membri
1112 1840 1309 1906 relatiO,
1359 1840 1402 1892 si
1449 1838 1699 1892 vertendo
1745 1840 2121 1908 interponimus

268 1920 588 1988 particulam,
613 1939 711 1990 qua
732 1923 1003 1992 apodosim
1025 1926 1079 1976 in
1098 1924 1334 1977 fabulosa
1354 1941 1526 1976 rerum
1547 1932 1733 1977 natura
1753 1941 1869 1977 esse
1891 1932 2123 1993 apparet:

269 2003 321 2054 Si
361 2007 472 2072 quis
518 2017 743 2061 vestrum
783 2010 952 2064 alatus
997 2018 1149 2076 esset,
1191 2012 1234 2063 is
1274 2011 1519 2076 evolaret,
1561 2019 1611 2063 et
1649 2012 1690 2063 si
1745 2011 1855 2078 quis
1903 2011 2033 2064 forte
2072 2018 2127 2063 ut

268 2087 584 2146 Patroclides
631 2096 897 2162 cacaturit,
945 2113 1048 2148 non
1093 2095 1196 2161 ille,
1243 2105 1353 2148 tum
1399 2096 1598 2148 scilicet
1655 2097 1697 2148 si
1755 2096 1924 2149 alatus
1972 2104 2126 2162 esset,

271 2175 480 2241 pallium
521 2182 911 2246 contaminaret,
952 2180 1045 2233 sed
1085 2181 1184 2233 alio
1225 2181 1455 2233 avolaret
1493 2188 1543 2232 et
1580 2197 1635 2233 re
1663 2180 1803 2233 facta
1840 2181 1939 2234 huc
1978 2198 2127 2235 revo-

271 2259 418 2314 laret.
501 2263 818 2319 Patroclides
866 2275 975 2320 erat
1030 2273 1405 2336 κατασχημονων
1458 2273 1550 2317 τῶν
1599 2273 1888 2337 στρωμάτων
1946 2275 1997 2321 et
2051 2284 2126 2320 vs.

275 2346 375 2396 790
420 2363 599 2402 omnes
650 2352 756 2404 eius
803 2353 927 2405 socii
985 2352 1358 2419 describuntur,
1408 2370 1532 2421 quos
1572 2362 1730 2422 poeta
1777 2371 1875 2407 uno
1918 2355 2128 2407 nomine

273 2432 545 2500 complecti
572 2438 751 2503 potuit,
792 2446 845 2490 ut
876 2455 946 2490 vs.
990 2440 1089 2490 793
1119 2440 1158 2489 οἱ
1184 2441 1333 2509 μοιχοί
1360 2456 1450 2508 pro
1487 2440 1753 2492 enuntiato
1782 2439 2131 2493 condicionali

274 2515 511 2570 substitui
555 2530 743 2589 potest.
825 2522 881 2574 In
922 2524 1103 2577 eadem
1151 2526 1327 2577 fabula
1371 2524 1627 2594 patricida
1666 2523 1732 2576 ad
1779 2541 1899 2577 aves
1938 2526 2128 2578 transi-

274 2612 428 2666 turuS,
486 2616 753 2673 postquam
812 2625 924 2661 esse
980 2610 1147 2677 legem
1206 2610 1401 2662 audivit
1458 2627 1522 2662 ex
1579 2626 1679 2677 qua
1736 2610 1891 2662 etiam
1951 2610 2130 2663 avibus

276 2695 420 2753 pater
458 2690 673 2744 alendus
714 2704 865 2758 esset,
905 2696 1163 2748 exclamat

445 2792 514 2827 VS.
560 2778 708 2828 1358.
751 2781 996 2831 ἀπέλαυσά
1035 2780 1075 2831 τ’
1099 2782 1172 2853 ἄρ’
1214 2786 1268 2832 ἀν
1309 2782 1365 2850 νὴ
1407 2780 1472 2833 Δί’
1497 2781 1656 2832 ἐλθὼν
1697 2782 1871 2843 ἐνθαδὶ,

754 2869 876 2938 εἴπερ
916 2872 965 2935 γε’
1007 2889 1080 2935 μοι
1119 2870 1195 2919 καὶ
1234 2871 1310 2920 τὸν
1351 2872 1527 2940 πατέρα
1568 2869 1836 2937 βοσκητέον.

280 2946 330 2996 si
369 2954 568 3015 patrem
609 2953 891 3005 secundum
932 2957 1103 3007 avium
1140 2956 1281 3022 leges
1322 2967 1526 3024 oportet
1573 2956 1728 3019 alere,
1775 2972 1966 3024 operae
2014 2971 2132 3024 pre—

280 3032 402 3084 tium
450 3034 686 3088 fecissem
737 3038 834 3091 huc
879 3042 1108 3107 veniens,
1157 3058 1288 3108 quae
1336 3042 1494 3093 verba
1540 3042 1734 3093 ironice
1779 3040 2134 3107 intellegenda

281 3126 418 3170 sunt:
465 3137 566 3172 non
614 3138 801 3190 operae
847 3134 923 3177 est
971 3125 1068 3177 huc
1116 3128 1335 3192 venisse,
1385 3127 1426 3179 si
1472 3136 1671 3194 patrem
1727 3126 1866 3178 alere
1913 3132 2132 3195 oportet.

284 3199 411 3253 Cum
458 3206 710 3272 patricida
758 3208 985 3260 nondum
1033 3211 1227 3263 civibus
1266 3227 1430 3263 novae
1478 3211 1551 3262 rei
1590 3211 1829 3279 publicae
1868 3211 2131 3280 adcriptus

287 3287 366 3352 sit,
423 3291 584 3356 ponit,
643 3291 779 3358 quid,
836 3294 876 3344 si
942 3294 1234 3363 adscriptus
1293 3302 1448 3360 esset,
1512 3296 1786 3348 evenisset.
1869 3295 2134 3349 Pullorum

285 3370 526 3439 officium,
573 3382 627 3428 ut
673 3384 872 3445 patrem
919 3377 1075 3445 alant,
1125 3388 1316 3444 manet,
1364 3381 1471 3432 sive
1510 3380 1713 3432 accedit
1760 3380 1827 3433 ad
1864 3397 1987 3434 aves
2026 3382 2136 3434 sive
