2266 3722
1031 109 1378 159 -12-

278 264 439 318 semel
476 265 526 316 in
567 264 666 317 hoc
693 280 882 330 genere
922 264 1168 316 aoristum
1195 263 1431 316 adhibuit
1466 264 1521 315 in
1549 260 1623 314 Pl.
1666 278 1737 314 15.
1767 262 1888 312 555.
1948 258 2134 312 Gram-

277 350 454 402 matici
512 349 611 402 huc
667 365 867 417 quoque
923 348 1152 401 referunt
1214 349 1484 401 enuntiata
1539 364 1754 415 quorum
1810 346 1865 397 in
1920 344 2136 414 apodosi

278 435 587 488 adiectivum
645 435 871 503 positum
917 439 1011 500 est,
1069 449 1186 486 cum
1242 432 1589 502 supplendum
1648 449 1763 486 esse
1819 429 2138 485 contendant

277 522 412 571 ἐστίν.
508 518 611 572 Sed
669 519 902 587 quamvis
960 517 1091 572 haec
1146 518 1341 587 ellipsis
1398 519 1590 571 usitata
1645 517 1903 583 videatur,
1959 523 2138 569 tamen

280 608 445 659 1611115
473 613 553 659 est
576 603 889 657 adiectivum
916 602 1270 672 praedicative
1297 602 1531 656 adhiberi
1559 609 1802 669 statuere,
1829 602 2134 672 praesertim

278 710 393 745 cum
434 691 654 758 11656135,
683 688 983 759 suppleatur
1008 689 1060 740 in
1087 687 1166 740 his
1206 689 1485 741 enuntiatis
1519 687 1746 740 futurum
1773 703 1842 740 an
1868 703 2132 757 praesens.

276 777 539 844 frequens
577 791 700 827 usus
739 782 818 827 est
856 773 1100 826 adiectivi
1138 774 1280 824 δεινόν

347 862 475 931 Equ.
502 878 574 914 15.
605 861 722 912 609.
762 861 887 911 δεινά
924 860 984 928 γ’,
1014 860 1052 910 ὦ
1081 860 1321 922 Πόσειδον,
1363 861 1401 911 εἰ
1439 860 1548 927 μηδ’
1589 859 1636 909 ἐν
1675 858 1808 928 βυθῷ
1845 859 2099 927 δυνήσομαι

348 954 466 1018 μήτε
492 954 555 1017 γῆ
582 945 691 1017 μήτ’
720 948 766 998 ἐν
794 948 1017 1015 θαλάττῃ
1045 948 1276 1018 διαφυγεῖν
1301 947 1409 1004 τοὺς
1454 948 1629 1003 ἱππέας.
1707 945 1800 998 sed
1839 946 1994 998 etiam
2034 945 2139 998 alia

276 1038 531 1090 adiectiva
568 1037 823 1101 leguntur,
864 1035 1003 1088 velut
1033 1027 1159 1094 ἀξιον
1186 1036 1237 1086 111
1267 1036 1361 1087 Α1.
1392 1051 1462 1086 15.
1491 1034 1610 1086 548.
1641 1035 1735 1102 ζῆν
1763 1033 1846 1083 οὐκ
1873 1024 1999 1092 ἄξιον
2025 1035 2136 1103 ἡμῖν

445 1127 482 1175 εἰ
519 1124 585 1192 μὴ
624 1124 913 1191 κομιούμεθα
951 1124 1083 1174 παντὶ
1120 1126 1275 1194 τροπῳ
1314 1121 1399 1190 τὴν
1439 1122 1670 1193 ἡμετέραν
1712 1121 1963 1190 βασιλείαν.

276 1215 474 1281 μεγαλα.
620 1210 761 1264 Eccl.
819 1228 892 1264 15.
942 1211 1061 1262 568.
1096 1210 1176 1278 ινὴ
1233 1210 1310 1260 τὸν
1367 1209 1596 1268 noas-35),
1656 1211 1841 1277 μεγάλα
1888 1209 1948 1277 γ’,
1989 1209 2134 1278 εἰμὴ

278 1303 506 1371 ψεύσεται,
556 1316 707 1368 11116111
757 1315 961 1351 versum
1008 1299 1244 1367 apprime
1290 1296 1594 1366 Droysenus
1637 1298 1812 1350 vertit:
1873 1296 1940 1350 So
1988 1296 2134 1350 wahr

274 1387 548 1451 Poseidon,
596 1403 774 1454 grosse
821 1384 1008 1452 Dinge,
1046 1385 1165 1453 ‚lfigt
1209 1385 1283 1437 sie
1331 1383 1488 1436 nicht.
1565 1382 1858 1437 Brunckius
1907 1391 1958 1436 et
2006 1383 2136 1437 Din-

276 1474 465 1527 dorfius
514 1476 815 1526 erraverunt
860 1469 1160 1523 reddentes:
1214 1469 1406 1536 Magna
1450 1469 1738 1538 pollicetur,
1787 1470 1887 1522 nisi
1927 1469 2136 1538 quidem

275 1561 418 1612 fallet
464 1576 573 1612 nos.
653 1557 895 1611 Ceterum
943 1573 1151 1626 semper
1193 1556 1414 1625 protasis
1462 1554 1731 1624 apodosim
1781 1556 1834 1607 in
1883 1555 2136 1625 exemplis

276 1645 667 1714 Aristophaneis
707 1643 949 1711 sequitur.

417 1730 555 1793 Quas
594 1731 647 1782 in
686 1731 855 1798 priore
895 1728 1065 1796 capite
1090 1726 1426 1779 tractavimus
1465 1724 1708 1795 apodosis
1746 1727 1940 1780 formas
1979 1727 2135 1780 etiam

276 1819 326 1869 in
367 1817 463 1869 hoc
501 1833 691 1883 genere
736 1815 1067 1866 inveniuntur
1115 1829 1427 1880 quamquam
1475 1813 1709 1880 optativi,
1769 1814 1853 1880 qui
1912 1819 1993 1866 est
2047 1830 2140 1882 op-

277 1904 451 1968 tantis,
492 1901 789 1970 exemplum
827 1917 933 1953 non
971 1907 1157 1952 exstat.
1237 1897 1461 1950 Omnino
1510 1897 1792 1951 admodum
1831 1914 1980 1951 rarae
2020 1904 2140 1952 sunt

278 1999 482 2058 praeter
537 1988 692 2040 futuri
747 1984 1086 2038 indicativum
1149 1983 1395 2054 apodosis
1453 1982 1668 2047 formae,
1731 1994 1786 2035 ut
1847 1984 2142 2053 imperativi

279 2083 418 2126 certa
457 2071 697 2141 exempla
736 2071 835 2123 duo
875 2070 1096 2122 habeas:
1136 2068 1196 2121 R.
1243 2086 1318 2122 15.
1361 2069 1461 2119 176
1502 2081 1552 2120 et
1589 2069 1683 2120 Av.
1733 2085 1806 2121 15.
1858 2070 1975 2135 759,
2024 2085 2142 2122 611111

280 2159 429 2212 Pacis
477 2175 576 2211 155.
626 2159 692 2210 89
741 2174 848 2225 sqq.
889 2155 1180 2208 Meinekius
1229 2166 1279 2207 et
1317 2153 1643 2206 Hamakerus
1683 2162 1738 2206 ut
1785 2155 2141 2224 ineptissimos

282 2244 654 2309 damnaverint,
697 2241 1015 2308 totidemque
1056 2241 1269 2309 optativi
1310 2257 1424 2292 cum
1468 2242 1521 2289 ἄν
1559 2240 1815 2308 particula
1853 2242 2140 2293 coniuncti:

281 2329 410 2382 Bul).
469 2345 542 2381 15.
593 2329 726 2378 1393
785 2335 834 2379 et
881 2325 1023 2378 Ε661.
1070 2343 1143 2378 15.
1196 2326 1311 2390 160,
1361 2343 1458 2393 quo
1508 2326 1691 2379 eodem
1739 2326 1853 2378 loco
1902 2334 2142 2394 quartum

282 2415 433 2466 futuri
495 2413 688 2482 passivi
756 2412 807 2463 in
871 2412 1065 2480 protasi
1130 2410 1474 2464 condicionali
1547 2411 1844 2480 exemplum
1905 2411 2139 2464 traditur.

282 2500 570 2552 Particulae
610 2500 647 2548 εἰ
684 2515 777 2567 1161
817 2498 1111 2551 encliticam
1151 2515 1233 2568 περ
1274 2505 1458 2550 auctae
1504 2498 1743 2566 exempla
1783 2497 1910 2549 nihil
1950 2497 2144 2551 habent

285 2602 381 2653 quo
422 2602 452 2637 a
490 2586 698 2653 reliquis
740 2583 1004 2649 differant,
1045 2583 1097 2635 id
1125 2601 1283 2635 unum
1312 2582 1650 2636 adnotatione
1679 2582 1892 2648 dignum
1921 2582 2141 2651 videtur,

283 2671 441 2723 semel
479 2670 815 2723 indicativum
854 2670 1146 2738 imperfecti
1185 2671 1399 2722 servari:

452 2755 508 2807 R.
538 2772 610 2808 15.
642 2757 722 2807 1‘2.
763 2757 802 2804 τί
841 2752 942 2823 δῆτ’
984 2756 1071 2805 εἶει
1112 2775 1168 2820 με
1206 2762 1353 2805 ταῦτα
1390 2756 1448 2804 τα
1489 2756 1631 2822 σκεύη
1673 2756 1841 2825 φερειν,

767 2844 888 2913 εἴπερ
928 2847 1103 2910 ποιήσω
1144 2842 1304 2910 μηδὲν,
1345 2843 1497 2913 ὧνπερ
1537 2842 1761 2912 Φρύνιχος

766 2932 906 2979 εἴωθε
946 2936 1082 2979 ποιεῖν
1120 2930 1196 2979 καὶ
1238 2931 1371 2985 Adam,
1410 2930 1680 2998 κάμειψίας

286 3014 509 3067 Ρ1613515
549 3032 648 3068 11116
688 3016 800 3068 1666
841 3018 1191 3085 praepositiva
1229 3027 1331 3069 est:

454 3101 574 3153 Pac.
603 3119 672 3154 15.
702 3102 819 3152 265.
862 3104 983 3171 εἴπερ
1024 3105 1110 3172 γάρ
1149 3093 1251 3170 ἦΞει
1288 3103 1365 3152 τὸν
1405 3101 1705 3171 ἀλετρίβανον
1746 3102 1916 3170 φέρων,

863 3190 1010 3257 τούτῳ
1049 3181 1238 3259 ταράξει
1276 3191 1361 3245 τας
1398 3189 1555 3244 πόλεις
1592 3188 1878 3255 καθήμενος.

430 3284 767 3339 Indicativum
796 3287 921 3339 nihil
948 3288 1011 3340 de
1039 3305 1132 3340 sua
1169 3290 1219 3340 11
1245 3288 1466 3358 perdere
1493 3296 1610 3356 post
1643 3287 1950 3356 particulam
1988 3286 2027 3336 εἰ
2051 3302 2146 3356 po-

292 3373 443 3424 situm
472 3389 535 3424 ex
573 3374 651 3439 iis,
692 3389 821 3441 quae
852 3373 1019 3426 adhuc
1051 3375 1292 3444 exposita
1329 3383 1463 3441 sunt,
1503 3375 1628 3427 satis
1659 3380 1894 3443 apparet.
1966 3371 2147 3441 Neque
