<?xml version="1.0" encoding="UTF-8"?>
<!DOCTYPE html PUBLIC "-//W3C//DTD XHTML 1.0 Transitional//EN"
    "http://www.w3.org/TR/xhtml1/DTD/xhtml1-transitional.dtd">
<html xmlns="http://www.w3.org/1999/xhtml" xml:lang="en" lang="en">
 <head>
  <title>
</title>
<meta http-equiv="Content-Type" content="text/html;charset=utf-8" />
  <meta name='ocr-system' content='tesseract 3.04.00' />
  <meta name='ocr-capabilities' content='ocr_page ocr_carea ocr_par ocr_line ocrx_word'/>
</head>
<body>
  <div class='ocr_page' id='page_1' title='image "./deenuntiatorumco00petruoft_0071.png"; bbox 0 0 2266 3722; ppageno 0'>
   <div class='ocr_carea' id='block_1_1' title="bbox 0 0 60 3722">
    <p class='ocr_par' dir='ltr' id='par_1_1' title="bbox 0 0 60 3722">
     <span class='ocr_line' id='line_1_1' title="bbox 0 0 60 3722; baseline 0 0"><span class='ocrx_word' id='word_1_1' title='bbox 0 0 60 3722; x_wconf 95' lang='lat' dir='ltr'> </span> 
     </span>
    </p>
   </div>
   <div class='ocr_carea' id='block_1_2' title="bbox 929 189 1127 238">
    <p class='ocr_par' dir='ltr' id='par_1_2' title="bbox 929 189 1127 238">
     <span class='ocr_line' id='line_1_2' title="bbox 929 189 1127 238; baseline -0.005 1"><span class='ocrx_word' id='word_1_2' title='bbox 929 189 1127 238; x_wconf 91' lang='grc'>-61</span> 
     </span>
    </p>
   </div>
   <div class='ocr_carea' id='block_1_3' title="bbox 168 344 2054 3509">
    <p class='ocr_par' dir='ltr' id='par_1_3' title="bbox 168 344 2034 1360">
     <span class='ocr_line' id='line_1_3' title="bbox 339 344 1551 410; baseline -0.006 -10"><span class='ocrx_word' id='word_1_3' title='bbox 339 366 407 400; x_wconf 88' lang='lat' dir='ltr'>vs.</span> <span class='ocrx_word' id='word_1_4' title='bbox 455 348 608 399; x_wconf 85' lang='lat'>1098.</span> <span class='ocrx_word' id='word_1_5' title='bbox 988 346 1110 394; x_wconf 65' lang='grc' dir='ltr'>δεινά</span> <span class='ocrx_word' id='word_1_6' title='bbox 1148 363 1207 394; x_wconf 88' lang='grc' dir='ltr'>κα</span> <span class='ocrx_word' id='word_1_7' title='bbox 1231 344 1551 410; x_wconf 67' lang='grc' dir='ltr'>’πεπόνθεμες,</span> 
     </span>
     <span class='ocr_line' id='line_1_4' title="bbox 507 430 1534 502; baseline -0.004 -19"><span class='ocrx_word' id='word_1_8' title='bbox 507 435 552 483; x_wconf 78' lang='grc' dir='ltr'>αἱ</span> <span class='ocrx_word' id='word_1_9' title='bbox 589 433 705 483; x_wconf 69' lang='grc' dir='ltr'>εἶδον</span> <span class='ocrx_word' id='word_1_10' title='bbox 746 430 835 498; x_wconf 79' lang='grc' dir='ltr'>ἁμὲ</span> <span class='ocrx_word' id='word_1_11' title='bbox 872 431 1072 502; x_wconf 73' lang='grc' dir='ltr'>τῶνδρες</span> <span class='ocrx_word' id='word_1_12' title='bbox 1109 432 1534 501; x_wconf 67' lang='grc' dir='ltr'>ἀμπεφλασμένως.</span> 
     </span>
     <span class='ocr_line' id='line_1_5' title="bbox 169 517 2027 595; baseline -0.005 -21"><span class='ocrx_word' id='word_1_13' title='bbox 169 520 273 595; x_wconf 87' lang='lat' dir='ltr'>Sed</span> <span class='ocrx_word' id='word_1_14' title='bbox 312 521 365 572; x_wconf 93' lang='lat' dir='ltr'>in</span> <span class='ocrx_word' id='word_1_15' title='bbox 403 520 547 572; x_wconf 90' lang='lat' dir='ltr'>libris</span> <span class='ocrx_word' id='word_1_16' title='bbox 586 519 972 587; x_wconf 78' lang='lat' dir='ltr'>manuscriptiS‚</span> <span class='ocrx_word' id='word_1_17' title='bbox 1011 520 1052 571; x_wconf 88' lang='lat' dir='ltr'>si</span> <span class='ocrx_word' id='word_1_18' title='bbox 1095 517 1506 572; x_wconf 76' lang='lat' dir='ltr'>condicionalem</span> <span class='ocrx_word' id='word_1_19' title='bbox 1547 517 1656 568; x_wconf 93' lang='lat' dir='ltr'>eius</span> <span class='ocrx_word' id='word_1_20' title='bbox 1704 521 1900 583; x_wconf 90' lang='lat' dir='ltr'>partem</span> <span class='ocrx_word' id='word_1_21' title='bbox 1947 530 2027 565; x_wconf 91' lang='lat' dir='ltr'>re-</span> 
     </span>
     <span class='ocr_line' id='line_1_6' title="bbox 168 597 2030 675; baseline -0.006 -16"><span class='ocrx_word' id='word_1_22' title='bbox 168 606 420 675; x_wconf 89' lang='lat' dir='ltr'>spicimus</span> <span class='ocrx_word' id='word_1_23' title='bbox 458 604 547 655; x_wconf 79' lang='grc' dir='ltr'>καῦ</span> <span class='ocrx_word' id='word_1_24' title='bbox 585 604 883 671; x_wconf 77' lang='grc' dir='ltr'>πεπόνθαμες</span> <span class='ocrx_word' id='word_1_25' title='bbox 910 612 961 657; x_wconf 93' lang='lat' dir='ltr'>et</span> <span class='ocrx_word' id='word_1_26' title='bbox 987 604 1031 653; x_wconf 82' lang='grc' dir='ltr'>αἶ</span> <span class='ocrx_word' id='word_1_27' title='bbox 1068 603 1111 652; x_wconf 79' lang='grc' dir='ltr'>κ’</span> <span class='ocrx_word' id='word_1_28' title='bbox 1134 609 1347 654; x_wconf 82' lang='lat' dir='ltr'>exarata</span> <span class='ocrx_word' id='word_1_29' title='bbox 1368 608 1498 654; x_wconf 89' lang='lat' dir='ltr'>sunt.</span> <span class='ocrx_word' id='word_1_30' title='bbox 1550 600 1602 652; x_wconf 81' lang='lat' dir='ltr'>si</span> <span class='ocrx_word' id='word_1_31' title='bbox 1625 599 1843 651; x_wconf 89' lang='lat' dir='ltr'>Laconis</span> <span class='ocrx_word' id='word_1_32' title='bbox 1875 597 2030 650; x_wconf 89' lang='lat' dir='ltr'>verba</span> 
     </span>
     <span class='ocr_line' id='line_1_7' title="bbox 169 685 2032 755; baseline -0.004 -11"><span class='ocrx_word' id='word_1_33' title='bbox 169 691 238 744; x_wconf 91' lang='lat' dir='ltr'>ad</span> <span class='ocrx_word' id='word_1_34' title='bbox 289 692 432 744; x_wconf 86' lang='lat' dir='ltr'>attici</span> <span class='ocrx_word' id='word_1_35' title='bbox 482 692 733 744; x_wconf 90' lang='lat' dir='ltr'>sermonis</span> <span class='ocrx_word' id='word_1_36' title='bbox 781 706 1013 743; x_wconf 88' lang='lat' dir='ltr'>normam</span> <span class='ocrx_word' id='word_1_37' title='bbox 1062 688 1332 755; x_wconf 81' lang='lat' dir='ltr'>dirigenda</span> <span class='ocrx_word' id='word_1_38' title='bbox 1377 694 1510 754; x_wconf 88' lang='lat' dir='ltr'>sunt,</span> <span class='ocrx_word' id='word_1_39' title='bbox 1557 695 1695 740; x_wconf 89' lang='lat' dir='ltr'>certe</span> <span class='ocrx_word' id='word_1_40' title='bbox 1733 685 1941 751; x_wconf 88' lang='lat' dir='ltr'>Bergkii</span> <span class='ocrx_word' id='word_1_41' title='bbox 1981 691 2032 736; x_wconf 92' lang='lat' dir='ltr'>et</span> 
     </span>
     <span class='ocr_line' id='line_1_8' title="bbox 169 770 2028 844; baseline -0.004 -16"><span class='ocrx_word' id='word_1_42' title='bbox 169 775 416 829; x_wconf 88' lang='lat' dir='ltr'>Meinekii</span> <span class='ocrx_word' id='word_1_43' title='bbox 466 777 773 829; x_wconf 74' lang='lat' dir='ltr'>correcturis</span> <span class='ocrx_word' id='word_1_44' title='bbox 820 792 950 844; x_wconf 91' lang='lat' dir='ltr'>opus</span> <span class='ocrx_word' id='word_1_45' title='bbox 999 781 1093 827; x_wconf 88' lang='lat' dir='ltr'>est.</span> <span class='ocrx_word' id='word_1_46' title='bbox 1169 774 1284 840; x_wconf 83' lang='lat' dir='ltr'>Ego</span> <span class='ocrx_word' id='word_1_47' title='bbox 1343 772 1551 825; x_wconf 91' lang='lat' dir='ltr'>doricae</span> <span class='ocrx_word' id='word_1_48' title='bbox 1608 771 1816 824; x_wconf 79' lang='lat' dir='ltr'>dialecti</span> <span class='ocrx_word' id='word_1_49' title='bbox 1857 770 2028 836; x_wconf 86' lang='lat' dir='ltr'>legum</span> 
     </span>
     <span class='ocr_line' id='line_1_9' title="bbox 168 856 2029 931; baseline -0.005 -17"><span class='ocrx_word' id='word_1_50' title='bbox 168 862 569 931; x_wconf 80' lang='lat' dir='ltr'>syntacticarum</span> <span class='ocrx_word' id='word_1_51' title='bbox 624 861 910 929; x_wconf 85' lang='lat' dir='ltr'>imperitior</span> <span class='ocrx_word' id='word_1_52' title='bbox 953 876 1081 925; x_wconf 92' lang='lat' dir='ltr'>sum,</span> <span class='ocrx_word' id='word_1_53' title='bbox 1137 876 1288 926; x_wconf 91' lang='lat' dir='ltr'>quam</span> <span class='ocrx_word' id='word_1_54' title='bbox 1336 866 1390 909; x_wconf 93' lang='lat' dir='ltr'>ut</span> <span class='ocrx_word' id='word_1_55' title='bbox 1435 857 1675 910; x_wconf 80' lang='lat' dir='ltr'>traditam</span> <span class='ocrx_word' id='word_1_56' title='bbox 1723 856 2029 923; x_wconf 80' lang='lat' dir='ltr'>scripturam</span> 
     </span>
     <span class='ocr_line' id='line_1_10' title="bbox 169 940 2032 1015; baseline -0.005 -16"><span class='ocrx_word' id='word_1_57' title='bbox 169 953 308 1000; x_wconf 89' lang='lat' dir='ltr'>stare</span> <span class='ocrx_word' id='word_1_58' title='bbox 365 963 519 1015; x_wconf 87' lang='lat' dir='ltr'>posse</span> <span class='ocrx_word' id='word_1_59' title='bbox 584 945 872 1014; x_wconf 88' lang='lat' dir='ltr'>praefracte</span> <span class='ocrx_word' id='word_1_60' title='bbox 930 944 1241 1011; x_wconf 83' lang='lat' dir='ltr'>negaverim.</span> <span class='ocrx_word' id='word_1_61' title='bbox 1319 942 1372 995; x_wconf 84' lang='lat' dir='ltr'>Si</span> <span class='ocrx_word' id='word_1_62' title='bbox 1430 943 1720 995; x_wconf 78' lang='lat' dir='ltr'>vetustioris</span> <span class='ocrx_word' id='word_1_63' title='bbox 1778 940 2032 993; x_wconf 88' lang='lat' dir='ltr'>sermonis</span> 
     </span>
     <span class='ocr_line' id='line_1_11' title="bbox 171 1028 2026 1099; baseline -0.004 -15"><span class='ocrx_word' id='word_1_64' title='bbox 171 1033 346 1098; x_wconf 86' lang='lat' dir='ltr'>graeci</span> <span class='ocrx_word' id='word_1_65' title='bbox 385 1049 533 1084; x_wconf 89' lang='lat' dir='ltr'>usum</span> <span class='ocrx_word' id='word_1_66' title='bbox 572 1030 877 1099; x_wconf 81' lang='lat' dir='ltr'>respexeriS,</span> <span class='ocrx_word' id='word_1_67' title='bbox 917 1045 1083 1096; x_wconf 91' lang='lat' dir='ltr'>neque</span> <span class='ocrx_word' id='word_1_68' title='bbox 1110 1045 1141 1080; x_wconf 90' lang='lat' dir='ltr'>a</span> <span class='ocrx_word' id='word_1_69' title='bbox 1167 1044 1406 1080; x_wconf 86' lang='lat' dir='ltr'>sermone</span> <span class='ocrx_word' id='word_1_70' title='bbox 1433 1028 1588 1080; x_wconf 90' lang='lat' dir='ltr'>attico</span> <span class='ocrx_word' id='word_1_71' title='bbox 1619 1028 1866 1079; x_wconf 89' lang='lat' dir='ltr'>absonum</span> <span class='ocrx_word' id='word_1_72' title='bbox 1895 1041 2026 1090; x_wconf 90' lang='lat' dir='ltr'>esse,</span> 
     </span>
     <span class='ocr_line' id='line_1_12' title="bbox 174 1110 2033 1183; baseline -0.005 -15"><span class='ocrx_word' id='word_1_73' title='bbox 174 1119 212 1168; x_wconf 71' lang='grc' dir='ltr'>εἴ.</span> <span class='ocrx_word' id='word_1_74' title='bbox 250 1133 366 1170; x_wconf 92' lang='lat' dir='ltr'>cum</span> <span class='ocrx_word' id='word_1_75' title='bbox 413 1116 694 1169; x_wconf 90' lang='lat' dir='ltr'>indicativo</span> <span class='ocrx_word' id='word_1_76' title='bbox 741 1123 1033 1183; x_wconf 82' lang='lat' dir='ltr'>temporum</span> <span class='ocrx_word' id='word_1_77' title='bbox 1080 1114 1434 1166; x_wconf 87' lang='lat' dir='ltr'>historicorum</span> <span class='ocrx_word' id='word_1_78' title='bbox 1491 1113 1633 1165; x_wconf 89' lang='lat' dir='ltr'>socia</span> <span class='ocrx_word' id='word_1_79' title='bbox 1679 1110 1932 1180; x_wconf 88' lang='lat' dir='ltr'>particula</span> <span class='ocrx_word' id='word_1_80' title='bbox 1977 1113 2033 1160; x_wconf 86' lang='grc' dir='ltr'>ἄν</span> 
     </span>
     <span class='ocr_line' id='line_1_13' title="bbox 174 1197 2034 1273; baseline -0.005 -17"><span class='ocrx_word' id='word_1_81' title='bbox 174 1206 225 1256; x_wconf 92' lang='lat' dir='ltr'>in</span> <span class='ocrx_word' id='word_1_82' title='bbox 265 1204 459 1273; x_wconf 87' lang='lat' dir='ltr'>protasi</span> <span class='ocrx_word' id='word_1_83' title='bbox 499 1202 749 1269; x_wconf 89' lang='lat' dir='ltr'>adhiberi,</span> <span class='ocrx_word' id='word_1_84' title='bbox 787 1201 1211 1267; x_wconf 79' lang='lat' dir='ltr'>consideraveriS,</span> <span class='ocrx_word' id='word_1_85' title='bbox 1259 1206 1398 1253; x_wconf 87' lang='lat' dir='ltr'>certe</span> <span class='ocrx_word' id='word_1_86' title='bbox 1447 1199 1511 1251; x_wconf 91' lang='lat' dir='ltr'>de</span> <span class='ocrx_word' id='word_1_87' title='bbox 1551 1197 1774 1252; x_wconf 90' lang='lat' dir='ltr'>delenda</span> <span class='ocrx_word' id='word_1_88' title='bbox 1812 1214 1936 1250; x_wconf 83' lang='lat' dir='ltr'>voce</span> <span class='ocrx_word' id='word_1_89' title='bbox 1975 1216 2034 1246; x_wconf 86' lang='grc' dir='ltr'>κα</span> 
     </span>
     <span class='ocr_line' id='line_1_14' title="bbox 177 1288 1338 1360; baseline -0.005 -17"><span class='ocrx_word' id='word_1_90' title='bbox 177 1290 473 1360; x_wconf 89' lang='lat' dir='ltr'>scrupulum</span> <span class='ocrx_word' id='word_1_91' title='bbox 515 1290 639 1342; x_wconf 91' lang='lat' dir='ltr'>mihi</span> <span class='ocrx_word' id='word_1_92' title='bbox 679 1295 872 1342; x_wconf 88' lang='lat' dir='ltr'>restare</span> <span class='ocrx_word' id='word_1_93' title='bbox 911 1305 1014 1341; x_wconf 90' lang='lat' dir='ltr'>non</span> <span class='ocrx_word' id='word_1_94' title='bbox 1053 1288 1338 1340; x_wconf 86' lang='lat' dir='ltr'>miraberis.</span> 
     </span>
    </p>

    <p class='ocr_par' dir='ltr' id='par_1_4' title="bbox 173 1368 2042 2027">
     <span class='ocr_line' id='line_1_15' title="bbox 313 1368 2035 1443; baseline -0.005 -16"><span class='ocrx_word' id='word_1_95' title='bbox 313 1375 550 1442; x_wconf 92' lang='lat' dir='ltr'>Denique</span> <span class='ocrx_word' id='word_1_96' title='bbox 609 1391 712 1427; x_wconf 91' lang='lat' dir='ltr'>non</span> <span class='ocrx_word' id='word_1_97' title='bbox 768 1372 1147 1443; x_wconf 90' lang='lat' dir='ltr'>praetereunda</span> <span class='ocrx_word' id='word_1_98' title='bbox 1200 1379 1318 1424; x_wconf 90' lang='lat' dir='ltr'>sunt</span> <span class='ocrx_word' id='word_1_99' title='bbox 1373 1371 1596 1440; x_wconf 83' lang='lat' dir='ltr'>Scythae</span> <span class='ocrx_word' id='word_1_100' title='bbox 1660 1368 2035 1422; x_wconf 90' lang='lat' dir='ltr'>Mnesilochum</span> 
     </span>
     <span class='ocr_line' id='line_1_16' title="bbox 173 1454 2032 1527; baseline -0.005 -13"><span class='ocrx_word' id='word_1_101' title='bbox 173 1460 514 1514; x_wconf 89' lang='lat' dir='ltr'>custodientis</span> <span class='ocrx_word' id='word_1_102' title='bbox 564 1461 720 1513; x_wconf 78' lang='lat' dir='ltr'>verba</span> <span class='ocrx_word' id='word_1_103' title='bbox 762 1461 815 1512; x_wconf 88' lang='lat' dir='ltr'>in</span> <span class='ocrx_word' id='word_1_104' title='bbox 862 1457 1422 1527; x_wconf 71' lang='lat' dir='ltr'>ThesmophoriazusiS,</span> <span class='ocrx_word' id='word_1_105' title='bbox 1475 1464 1717 1524; x_wconf 80' lang='lat' dir='ltr'>corrupta</span> <span class='ocrx_word' id='word_1_106' title='bbox 1754 1454 2032 1507; x_wconf 90' lang='lat' dir='ltr'>admodum</span> 
     </span>
     <span class='ocr_line' id='line_1_17' title="bbox 174 1541 2033 1615; baseline -0.004 -16"><span class='ocrx_word' id='word_1_107' title='bbox 174 1563 340 1615; x_wconf 92' lang='lat' dir='ltr'>neque</span> <span class='ocrx_word' id='word_1_108' title='bbox 379 1546 444 1598; x_wconf 91' lang='lat' dir='ltr'>ab</span> <span class='ocrx_word' id='word_1_109' title='bbox 485 1547 623 1598; x_wconf 90' lang='lat' dir='ltr'>omni</span> <span class='ocrx_word' id='word_1_110' title='bbox 664 1553 811 1614; x_wconf 91' lang='lat' dir='ltr'>parte</span> <span class='ocrx_word' id='word_1_111' title='bbox 848 1544 1126 1596; x_wconf 89' lang='lat' dir='ltr'>intellecta.</span> <span class='ocrx_word' id='word_1_112' title='bbox 1203 1542 1378 1594; x_wconf 91' lang='lat' dir='ltr'>Prima</span> <span class='ocrx_word' id='word_1_113' title='bbox 1425 1543 1534 1594; x_wconf 92' lang='lat' dir='ltr'>eius</span> <span class='ocrx_word' id='word_1_114' title='bbox 1583 1541 1870 1593; x_wconf 89' lang='lat' dir='ltr'>enuntiatio</span> <span class='ocrx_word' id='word_1_115' title='bbox 1910 1557 2033 1592; x_wconf 91' lang='lat' dir='ltr'>con-</span> 
     </span>
     <span class='ocr_line' id='line_1_18' title="bbox 174 1625 2038 1698; baseline -0.004 -14"><span class='ocrx_word' id='word_1_116' title='bbox 174 1631 462 1697; x_wconf 90' lang='lat' dir='ltr'>dicionalis,</span> <span class='ocrx_word' id='word_1_117' title='bbox 500 1648 572 1684; x_wconf 88' lang='lat' dir='ltr'>vs.</span> <span class='ocrx_word' id='word_1_118' title='bbox 599 1632 734 1682; x_wconf 83' lang='lat'>1119</span> <span class='ocrx_word' id='word_1_119' title='bbox 773 1647 865 1698; x_wconf 56' lang='lat' dir='ltr'>sq„</span> <span class='ocrx_word' id='word_1_120' title='bbox 906 1628 1027 1697; x_wconf 92' lang='lat' dir='ltr'>quid</span> <span class='ocrx_word' id='word_1_121' title='bbox 1066 1629 1162 1681; x_wconf 91' lang='lat' dir='ltr'>sibi</span> <span class='ocrx_word' id='word_1_122' title='bbox 1191 1628 1312 1680; x_wconf 91' lang='lat' dir='ltr'>velit</span> <span class='ocrx_word' id='word_1_123' title='bbox 1338 1627 1493 1696; x_wconf 92' lang='lat' dir='ltr'>plane</span> <span class='ocrx_word' id='word_1_124' title='bbox 1520 1628 1793 1679; x_wconf 75' lang='lat' dir='ltr'>nescimus</span> <span class='ocrx_word' id='word_1_125' title='bbox 1858 1626 1918 1677; x_wconf 92' lang='lat' dir='ltr'>In</span> <span class='ocrx_word' id='word_1_126' title='bbox 1959 1625 2038 1677; x_wconf 90' lang='lat' dir='ltr'>his</span> 
     </span>
     <span class='ocr_line' id='line_1_19' title="bbox 175 1711 2038 1780; baseline -0.005 -9"><span class='ocrx_word' id='word_1_127' title='bbox 175 1718 466 1771; x_wconf 90' lang='lat' dir='ltr'>sententiae</span> <span class='ocrx_word' id='word_1_128' title='bbox 527 1716 755 1769; x_wconf 88' lang='lat' dir='ltr'>tenebris</span> <span class='ocrx_word' id='word_1_129' title='bbox 819 1715 1139 1780; x_wconf 80' lang='lat' dir='ltr'>criticorum,</span> <span class='ocrx_word' id='word_1_130' title='bbox 1204 1729 1474 1766; x_wconf 91' lang='lat' dir='ltr'>caecorum</span> <span class='ocrx_word' id='word_1_131' title='bbox 1537 1728 1680 1764; x_wconf 91' lang='lat' dir='ltr'>more</span> <span class='ocrx_word' id='word_1_132' title='bbox 1742 1711 2038 1776; x_wconf 82' lang='lat' dir='ltr'>errantium,</span> 
     </span>
     <span class='ocr_line' id='line_1_20' title="bbox 174 1794 2037 1864; baseline -0.004 -9"><span class='ocrx_word' id='word_1_133' title='bbox 174 1803 464 1856; x_wconf 88' lang='lat' dir='ltr'>tentamina</span> <span class='ocrx_word' id='word_1_134' title='bbox 526 1817 797 1854; x_wconf 88' lang='lat' dir='ltr'>recensere</span> <span class='ocrx_word' id='word_1_135' title='bbox 860 1799 1040 1852; x_wconf 91' lang='lat' dir='ltr'>inutile</span> <span class='ocrx_word' id='word_1_136' title='bbox 1101 1806 1194 1852; x_wconf 89' lang='lat' dir='ltr'>est.</span> <span class='ocrx_word' id='word_1_137' title='bbox 1270 1797 1497 1850; x_wconf 89' lang='lat' dir='ltr'>Facilius</span> <span class='ocrx_word' id='word_1_138' title='bbox 1554 1796 1752 1864; x_wconf 91' lang='lat' dir='ltr'>reliqua</span> <span class='ocrx_word' id='word_1_139' title='bbox 1807 1794 2037 1848; x_wconf 90' lang='lat' dir='ltr'>eiusdem</span> 
     </span>
     <span class='ocr_line' id='line_1_21' title="bbox 175 1882 2042 1950; baseline -0.005 -10"><span class='ocrx_word' id='word_1_140' title='bbox 175 1887 373 1941; x_wconf 92' lang='lat' dir='ltr'>lictoris</span> <span class='ocrx_word' id='word_1_141' title='bbox 424 1887 691 1940; x_wconf 88' lang='lat' dir='ltr'>enuntiata</span> <span class='ocrx_word' id='word_1_142' title='bbox 737 1884 1117 1939; x_wconf 88' lang='lat' dir='ltr'>condicionalia</span> <span class='ocrx_word' id='word_1_143' title='bbox 1163 1883 1532 1950; x_wconf 85' lang='lat' dir='ltr'>intelleguntur</span> <span class='ocrx_word' id='word_1_144' title='bbox 1578 1899 1649 1934; x_wconf 80' lang='lat' dir='ltr'>vs,</span> <span class='ocrx_word' id='word_1_145' title='bbox 1693 1882 1827 1932; x_wconf 80' lang='lat'>1123</span> <span class='ocrx_word' id='word_1_146' title='bbox 1875 1897 1949 1948; x_wconf 90' lang='lat' dir='ltr'>sq.</span> <span class='ocrx_word' id='word_1_147' title='bbox 1991 1885 2042 1932; x_wconf 91' lang='lat' dir='ltr'>et</span> 
     </span>
     <span class='ocr_line' id='line_1_22' title="bbox 176 1974 446 2027; baseline -0.007 0"><span class='ocrx_word' id='word_1_148' title='bbox 176 1991 251 2027; x_wconf 85' lang='lat' dir='ltr'>vs.</span> <span class='ocrx_word' id='word_1_149' title='bbox 293 1974 446 2025; x_wconf 88' lang='grc'><strong>1187.</strong></span> 
     </span>
    </p>

    <p class='ocr_par' dir='ltr' id='par_1_5' title="bbox 177 2050 2045 2468">
     <span class='ocr_line' id='line_1_23' title="bbox 322 2050 2043 2127; baseline -0.006 -15"><span class='ocrx_word' id='word_1_150' title='bbox 322 2057 381 2111; x_wconf 94' lang='lat' dir='ltr'>In</span> <span class='ocrx_word' id='word_1_151' title='bbox 428 2057 791 2127; x_wconf 88' lang='lat' dir='ltr'>Aristophanis</span> <span class='ocrx_word' id='word_1_152' title='bbox 849 2054 1132 2109; x_wconf 90' lang='lat' dir='ltr'>comoediis</span> <span class='ocrx_word' id='word_1_153' title='bbox 1188 2054 1329 2106; x_wconf 88' lang='lat' dir='ltr'>varie</span> <span class='ocrx_word' id='word_1_154' title='bbox 1386 2052 1711 2105; x_wconf 89' lang='lat' dir='ltr'>oraculorum</span> <span class='ocrx_word' id='word_1_155' title='bbox 1769 2050 2043 2119; x_wconf 83' lang='lat' dir='ltr'>cupiditaS‚</span> 
     </span>
     <span class='ocr_line' id='line_1_24' title="bbox 181 2136 2043 2213; baseline -0.005 -15"><span class='ocrx_word' id='word_1_156' title='bbox 181 2161 314 2213; x_wconf 91' lang='lat' dir='ltr'>quae</span> <span class='ocrx_word' id='word_1_157' title='bbox 352 2144 476 2198; x_wconf 92' lang='lat' dir='ltr'>belli</span> <span class='ocrx_word' id='word_1_158' title='bbox 513 2143 947 2212; x_wconf 86' lang='lat' dir='ltr'>Peloponnesiaci</span> <span class='ocrx_word' id='word_1_159' title='bbox 992 2141 1137 2193; x_wconf 90' lang='lat' dir='ltr'>initio</span> <span class='ocrx_word' id='word_1_160' title='bbox 1176 2139 1394 2191; x_wconf 86' lang='lat' dir='ltr'>Athenis</span> <span class='ocrx_word' id='word_1_161' title='bbox 1434 2137 1782 2205; x_wconf 82' lang='lat' dir='ltr'>grassabatur,</span> <span class='ocrx_word' id='word_1_162' title='bbox 1822 2136 2043 2189; x_wconf 87' lang='lat' dir='ltr'>oraculis</span> 
     </span>
     <span class='ocr_line' id='line_1_25' title="bbox 178 2223 2044 2299; baseline -0.005 -17"><span class='ocrx_word' id='word_1_163' title='bbox 178 2230 312 2284; x_wconf 87' lang='lat' dir='ltr'>fictis</span> <span class='ocrx_word' id='word_1_164' title='bbox 350 2229 729 2299; x_wconf 86' lang='lat' dir='ltr'>perstringitur.</span> <span class='ocrx_word' id='word_1_165' title='bbox 788 2226 995 2280; x_wconf 88' lang='lat' dir='ltr'>Bacidis</span> <span class='ocrx_word' id='word_1_166' title='bbox 1022 2225 1356 2278; x_wconf 89' lang='lat' dir='ltr'>famosissimi</span> <span class='ocrx_word' id='word_1_167' title='bbox 1383 2224 1514 2276; x_wconf 84' lang='lat' dir='ltr'>vatis</span> <span class='ocrx_word' id='word_1_168' title='bbox 1542 2224 1750 2275; x_wconf 90' lang='lat' dir='ltr'>nomine</span> <span class='ocrx_word' id='word_1_169' title='bbox 1776 2223 2044 2291; x_wconf 89' lang='lat' dir='ltr'>proferun-</span> 
     </span>
     <span class='ocr_line' id='line_1_26' title="bbox 177 2307 2045 2384; baseline -0.005 -16"><span class='ocrx_word' id='word_1_170' title='bbox 177 2322 259 2368; x_wconf 92' lang='lat' dir='ltr'>tur</span> <span class='ocrx_word' id='word_1_171' title='bbox 307 2332 439 2383; x_wconf 91' lang='lat' dir='ltr'>quae</span> <span class='ocrx_word' id='word_1_172' title='bbox 484 2322 696 2384; x_wconf 87' lang='lat' dir='ltr'>propter</span> <span class='ocrx_word' id='word_1_173' title='bbox 739 2313 990 2366; x_wconf 87' lang='lat' dir='ltr'>sermonis</span> <span class='ocrx_word' id='word_1_174' title='bbox 1036 2312 1254 2364; x_wconf 90' lang='lat' dir='ltr'>formam</span> <span class='ocrx_word' id='word_1_175' title='bbox 1311 2308 1377 2361; x_wconf 91' lang='lat' dir='ltr'>ad</span> <span class='ocrx_word' id='word_1_176' title='bbox 1436 2325 1528 2361; x_wconf 91' lang='lat' dir='ltr'>nos</span> <span class='ocrx_word' id='word_1_177' title='bbox 1585 2309 1819 2360; x_wconf 86' lang='lat' dir='ltr'>attinent.</span> <span class='ocrx_word' id='word_1_178' title='bbox 1896 2307 2045 2359; x_wconf 90' lang='lat' dir='ltr'>Prius</span> 
     </span>
     <span class='ocr_line' id='line_1_27' title="bbox 178 2395 1349 2468; baseline -0.007 -14"><span class='ocrx_word' id='word_1_179' title='bbox 178 2401 443 2454; x_wconf 90' lang='lat' dir='ltr'>oraculum</span> <span class='ocrx_word' id='word_1_180' title='bbox 483 2402 535 2451; x_wconf 94' lang='lat' dir='ltr'>in</span> <span class='ocrx_word' id='word_1_181' title='bbox 575 2398 854 2468; x_wconf 86' lang='lat' dir='ltr'>Equitibus</span> <span class='ocrx_word' id='word_1_182' title='bbox 892 2398 1069 2450; x_wconf 89' lang='lat' dir='ltr'>fabula</span> <span class='ocrx_word' id='word_1_183' title='bbox 1106 2395 1349 2448; x_wconf 88' lang='lat' dir='ltr'>traditur:</span> 
     </span>
    </p>

    <p class='ocr_par' dir='ltr' id='par_1_6' title="bbox 175 2482 2054 3509">
     <span class='ocr_line' id='line_1_28' title="bbox 251 2482 1678 2551; baseline -0.007 -12"><span class='ocrx_word' id='word_1_184' title='bbox 251 2505 321 2540; x_wconf 84' lang='lat' dir='ltr'>vs.</span> <span class='ocrx_word' id='word_1_185' title='bbox 361 2486 481 2537; x_wconf 82' lang='lat'>200.</span> <span class='ocrx_word' id='word_1_186' title='bbox 521 2485 880 2551; x_wconf 73' lang='grc' dir='ltr'>κοιλιοπώλῃσιν</span> <span class='ocrx_word' id='word_1_187' title='bbox 918 2482 968 2533; x_wconf 71' lang='grc' dir='ltr'>δὲ</span> <span class='ocrx_word' id='word_1_188' title='bbox 1006 2483 1118 2539; x_wconf 79' lang='grc' dir='ltr'>θεὸς</span> <span class='ocrx_word' id='word_1_189' title='bbox 1156 2484 1275 2550; x_wconf 62' lang='grc' dir='ltr'>μέγα</span> <span class='ocrx_word' id='word_1_190' title='bbox 1313 2482 1458 2536; x_wconf 70' lang='grc' dir='ltr'>κῦδος</span> <span class='ocrx_word' id='word_1_191' title='bbox 1496 2482 1678 2545; x_wconf 71' lang='grc' dir='ltr'>ὀπάζει,</span> 
     </span>
     <span class='ocr_line' id='line_1_29' title="bbox 519 2568 1735 2640; baseline -0.005 -17"><span class='ocrx_word' id='word_1_192' title='bbox 519 2573 564 2623; x_wconf 81' lang='grc' dir='ltr'>αἴ</span> <span class='ocrx_word' id='word_1_193' title='bbox 601 2592 662 2623; x_wconf 88' lang='grc' dir='ltr'>κα</span> <span class='ocrx_word' id='word_1_194' title='bbox 700 2572 767 2640; x_wconf 81' lang='grc' dir='ltr'>μὴ</span> <span class='ocrx_word' id='word_1_195' title='bbox 805 2572 977 2622; x_wconf 81' lang='grc' dir='ltr'>πωλεῖν</span> <span class='ocrx_word' id='word_1_196' title='bbox 1018 2571 1261 2626; x_wconf 73' lang='grc' dir='ltr'>ἀλλᾶντας</span> <span class='ocrx_word' id='word_1_197' title='bbox 1298 2569 1484 2637; x_wconf 81' lang='grc' dir='ltr'>μᾶλλον</span> <span class='ocrx_word' id='word_1_198' title='bbox 1523 2568 1735 2618; x_wconf 79' lang='grc' dir='ltr'>ἕλωνται.</span> 
     </span>
     <span class='ocr_line' id='line_1_30' title="bbox 249 2656 1564 2730; baseline -0.006 -17"><span class='ocrx_word' id='word_1_199' title='bbox 249 2677 321 2714; x_wconf 86' lang='lat' dir='ltr'>vs.</span> <span class='ocrx_word' id='word_1_200' title='bbox 361 2661 479 2712; x_wconf 80' lang='grc'><strong>209.</strong></span> <span class='ocrx_word' id='word_1_201' title='bbox 519 2661 596 2710; x_wconf 80' lang='grc' dir='ltr'>τὸν</span> <span class='ocrx_word' id='word_1_202' title='bbox 637 2660 714 2710; x_wconf 75' lang='grc' dir='ltr'>οὖν</span> <span class='ocrx_word' id='word_1_203' title='bbox 753 2661 982 2730; x_wconf 70' lang='grc' dir='ltr'>δράκοντα</span> <span class='ocrx_word' id='word_1_204' title='bbox 1022 2677 1136 2728; x_wconf 76' lang='grc' dir='ltr'>φησι</span> <span class='ocrx_word' id='word_1_205' title='bbox 1173 2658 1253 2708; x_wconf 79' lang='grc' dir='ltr'>τὸν</span> <span class='ocrx_word' id='word_1_206' title='bbox 1297 2656 1564 2727; x_wconf 78' lang='grc' dir='ltr'>βυρσαίετον</span> 
     </span>
     <span class='ocr_line' id='line_1_31' title="bbox 515 2744 1646 2819; baseline -0.007 -20"><span class='ocrx_word' id='word_1_207' title='bbox 515 2749 610 2816; x_wconf 68' lang='grc' dir='ltr'>ἤδη</span> <span class='ocrx_word' id='word_1_208' title='bbox 648 2751 911 2819; x_wconf 75' lang='grc' dir='ltr'>κρατήσειν,</span> <span class='ocrx_word' id='word_1_209' title='bbox 951 2747 996 2796; x_wconf 80' lang='grc' dir='ltr'>αἴ</span> <span class='ocrx_word' id='word_1_210' title='bbox 1034 2765 1085 2796; x_wconf 90' lang='grc' dir='ltr'>κε</span> <span class='ocrx_word' id='word_1_211' title='bbox 1124 2746 1190 2813; x_wconf 82' lang='grc' dir='ltr'>μὴ</span> <span class='ocrx_word' id='word_1_212' title='bbox 1229 2745 1442 2814; x_wconf 68' lang='grc' dir='ltr'>θαλφθῇ</span> <span class='ocrx_word' id='word_1_213' title='bbox 1479 2744 1646 2810; x_wconf 62' lang='grc' dir='ltr'>λόγοις.</span> 
     </span>
     <span class='ocr_line' id='line_1_32' title="bbox 177 2830 1741 2898; baseline -0.003 -11"><span class='ocrx_word' id='word_1_214' title='bbox 177 2836 395 2888; x_wconf 89' lang='lat' dir='ltr'>alterum</span> <span class='ocrx_word' id='word_1_215' title='bbox 435 2835 620 2888; x_wconf 88' lang='lat' dir='ltr'>Avium</span> <span class='ocrx_word' id='word_1_216' title='bbox 662 2842 740 2888; x_wconf 91' lang='lat' dir='ltr'>est</span> <span class='ocrx_word' id='word_1_217' title='bbox 777 2852 848 2887; x_wconf 90' lang='lat' dir='ltr'>vs.</span> <span class='ocrx_word' id='word_1_218' title='bbox 890 2834 1009 2885; x_wconf 83' lang='lat'>978.</span> <span class='ocrx_word' id='word_1_219' title='bbox 1267 2834 1311 2882; x_wconf 78' lang='grc' dir='ltr'>αἱ</span> <span class='ocrx_word' id='word_1_220' title='bbox 1349 2833 1399 2882; x_wconf 68' lang='grc' dir='ltr'>δέ</span> <span class='ocrx_word' id='word_1_221' title='bbox 1436 2850 1488 2882; x_wconf 80' lang='grc' dir='ltr'>κε</span> <span class='ocrx_word' id='word_1_222' title='bbox 1527 2830 1594 2898; x_wconf 83' lang='grc' dir='ltr'>μὴ</span> <span class='ocrx_word' id='word_1_223' title='bbox 1631 2830 1741 2898; x_wconf 71' lang='grc' dir='ltr'>δῷς,</span> 
     </span>
     <span class='ocr_line' id='line_1_33' title="bbox 516 2918 1795 2994; baseline -0.008 -19"><span class='ocrx_word' id='word_1_224' title='bbox 516 2924 597 2975; x_wconf 78' lang='grc' dir='ltr'>οὐκ</span> <span class='ocrx_word' id='word_1_225' title='bbox 635 2924 727 2974; x_wconf 77' lang='grc' dir='ltr'>ἔσει</span> <span class='ocrx_word' id='word_1_226' title='bbox 765 2923 816 2973; x_wconf 76' lang='grc' dir='ltr'>οὐ</span> <span class='ocrx_word' id='word_1_227' title='bbox 855 2921 1047 2994; x_wconf 61' lang='grc' dir='ltr'>τρο-(ων,</span> <span class='ocrx_word' id='word_1_228' title='bbox 1088 2921 1139 2971; x_wconf 78' lang='grc' dir='ltr'>οὐ</span> <span class='ocrx_word' id='word_1_229' title='bbox 1177 2922 1328 2987; x_wconf 78' lang='grc' dir='ltr'>λαϊος,</span> <span class='ocrx_word' id='word_1_230' title='bbox 1368 2920 1418 2970; x_wconf 74' lang='grc' dir='ltr'>οὐ</span> <span class='ocrx_word' id='word_1_231' title='bbox 1457 2918 1795 2990; x_wconf 73' lang='grc' dir='ltr'>δρυκολάπτης.</span> 
     </span>
     <span class='ocr_line' id='line_1_34' title="bbox 175 3000 2048 3078; baseline -0.005 -16"><span class='ocrx_word' id='word_1_232' title='bbox 175 3010 235 3063; x_wconf 94' lang='lat' dir='ltr'>In</span> <span class='ocrx_word' id='word_1_233' title='bbox 277 3009 518 3078; x_wconf 88' lang='lat' dir='ltr'>Equitum</span> <span class='ocrx_word' id='word_1_234' title='bbox 561 3029 710 3064; x_wconf 90' lang='lat' dir='ltr'>versu</span> <span class='ocrx_word' id='word_1_235' title='bbox 748 3011 866 3062; x_wconf 80' lang='lat'>201.</span> <span class='ocrx_word' id='word_1_236' title='bbox 909 3008 1074 3062; x_wconf 81' lang='lat' dir='ltr'>codex</span> <span class='ocrx_word' id='word_1_237' title='bbox 1113 3008 1389 3061; x_wconf 87' lang='lat' dir='ltr'>Ravennas</span> <span class='ocrx_word' id='word_1_238' title='bbox 1428 3009 1473 3058; x_wconf 80' lang='grc' dir='ltr'>αἵ</span> <span class='ocrx_word' id='word_1_239' title='bbox 1512 3026 1572 3056; x_wconf 90' lang='grc' dir='ltr'>κα</span> <span class='ocrx_word' id='word_1_240' title='bbox 1610 3005 1840 3073; x_wconf 89' lang='lat' dir='ltr'>praebet,</span> <span class='ocrx_word' id='word_1_241' title='bbox 1882 3000 2048 3052; x_wconf 91' lang='lat' dir='ltr'>Vene-</span> 
     </span>
     <span class='ocr_line' id='line_1_35' title="bbox 176 3088 2049 3166; baseline -0.006 -16"><span class='ocrx_word' id='word_1_242' title='bbox 176 3108 258 3150; x_wconf 86' lang='lat' dir='ltr'>tus</span> <span class='ocrx_word' id='word_1_243' title='bbox 304 3099 350 3148; x_wconf 87' lang='grc' dir='ltr'>αἴ</span> <span class='ocrx_word' id='word_1_244' title='bbox 397 3117 492 3166; x_wconf 82' lang='grc' dir='ltr'>κεν,</span> <span class='ocrx_word' id='word_1_245' title='bbox 550 3100 750 3153; x_wconf 87' lang='lat' dir='ltr'>duobus</span> <span class='ocrx_word' id='word_1_246' title='bbox 811 3097 1021 3164; x_wconf 88' lang='lat' dir='ltr'>reliquis</span> <span class='ocrx_word' id='word_1_247' title='bbox 1079 3096 1206 3148; x_wconf 92' lang='lat' dir='ltr'>locis</span> <span class='ocrx_word' id='word_1_248' title='bbox 1264 3095 1380 3147; x_wconf 90' lang='lat' dir='ltr'>libri</span> <span class='ocrx_word' id='word_1_249' title='bbox 1431 3111 1585 3146; x_wconf 90' lang='lat' dir='ltr'>unum</span> <span class='ocrx_word' id='word_1_250' title='bbox 1635 3094 1680 3142; x_wconf 83' lang='grc' dir='ltr'>αἶ</span> <span class='ocrx_word' id='word_1_251' title='bbox 1725 3110 1777 3141; x_wconf 87' lang='grc' dir='ltr'>κε</span> <span class='ocrx_word' id='word_1_252' title='bbox 1824 3088 2049 3141; x_wconf 88' lang='lat' dir='ltr'>tradunt.</span> 
     </span>
     <span class='ocr_line' id='line_1_36' title="bbox 177 3177 2049 3256; baseline -0.004 -20"><span class='ocrx_word' id='word_1_253' title='bbox 177 3183 284 3236; x_wconf 85' lang='lat' dir='ltr'>lam</span> <span class='ocrx_word' id='word_1_254' title='bbox 338 3187 379 3237; x_wconf 88' lang='lat' dir='ltr'>si</span> <span class='ocrx_word' id='word_1_255' title='bbox 429 3185 551 3253; x_wconf 91' lang='lat' dir='ltr'>quid</span> <span class='ocrx_word' id='word_1_256' title='bbox 595 3184 996 3252; x_wconf 88' lang='lat' dir='ltr'>Aristophanem</span> <span class='ocrx_word' id='word_1_257' title='bbox 1045 3181 1278 3246; x_wconf 86' lang='lat' dir='ltr'>moverit,</span> <span class='ocrx_word' id='word_1_258' title='bbox 1328 3187 1383 3231; x_wconf 92' lang='lat' dir='ltr'>ut</span> <span class='ocrx_word' id='word_1_259' title='bbox 1426 3180 1591 3248; x_wconf 82' lang='lat' dir='ltr'>primo</span> <span class='ocrx_word' id='word_1_260' title='bbox 1645 3179 1760 3231; x_wconf 94' lang='lat' dir='ltr'>loco</span> <span class='ocrx_word' id='word_1_261' title='bbox 1801 3177 2049 3256; x_wconf 62' lang='lat' dir='ltr'>doricam,</span> 
     </span>
     <span class='ocr_line' id='line_1_37' title="bbox 178 3263 2051 3338; baseline -0.005 -15"><span class='ocrx_word' id='word_1_262' title='bbox 178 3269 408 3323; x_wconf 90' lang='lat' dir='ltr'>secundo</span> <span class='ocrx_word' id='word_1_263' title='bbox 448 3277 499 3324; x_wconf 91' lang='lat' dir='ltr'>et</span> <span class='ocrx_word' id='word_1_264' title='bbox 536 3272 686 3324; x_wconf 89' lang='lat' dir='ltr'>tertio</span> <span class='ocrx_word' id='word_1_265' title='bbox 728 3270 926 3338; x_wconf 91' lang='lat' dir='ltr'>epicam</span> <span class='ocrx_word' id='word_1_266' title='bbox 968 3267 1187 3319; x_wconf 89' lang='lat' dir='ltr'>formam</span> <span class='ocrx_word' id='word_1_267' title='bbox 1227 3271 1515 3334; x_wconf 84' lang='lat' dir='ltr'>usurparet,</span> <span class='ocrx_word' id='word_1_268' title='bbox 1544 3263 1882 3332; x_wconf 81' lang='lat' dir='ltr'>quaesiveriS,</span> <span class='ocrx_word' id='word_1_269' title='bbox 1929 3278 2051 3314; x_wconf 91' lang='lat' dir='ltr'>cau-</span> 
     </span>
     <span class='ocr_line' id='line_1_38' title="bbox 175 3347 2048 3426; baseline -0.006 -16"><span class='ocrx_word' id='word_1_270' title='bbox 175 3372 288 3410; x_wconf 87' lang='lat' dir='ltr'>sam</span> <span class='ocrx_word' id='word_1_271' title='bbox 326 3355 651 3426; x_wconf 89' lang='lat' dir='ltr'>probabilem</span> <span class='ocrx_word' id='word_1_272' title='bbox 690 3372 786 3422; x_wconf 86' lang='lat' dir='ltr'>ego</span> <span class='ocrx_word' id='word_1_273' title='bbox 827 3353 1019 3405; x_wconf 88' lang='lat' dir='ltr'>nullam</span> <span class='ocrx_word' id='word_1_274' title='bbox 1061 3352 1226 3405; x_wconf 79' lang='lat' dir='ltr'>video.</span> <span class='ocrx_word' id='word_1_275' title='bbox 1287 3349 1506 3403; x_wconf 91' lang='lat' dir='ltr'>Accedit</span> <span class='ocrx_word' id='word_1_276' title='bbox 1544 3348 1678 3417; x_wconf 91' lang='lat' dir='ltr'>quod</span> <span class='ocrx_word' id='word_1_277' title='bbox 1707 3349 1870 3401; x_wconf 91' lang='lat' dir='ltr'>altero</span> <span class='ocrx_word' id='word_1_278' title='bbox 1909 3347 2048 3413; x_wconf 80' lang='lat' dir='ltr'>loco,</span> 
     </span>
     <span class='ocr_line' id='line_1_39' title="bbox 177 3433 2054 3509; baseline -0.006 -14"><span class='ocrx_word' id='word_1_279' title='bbox 177 3458 276 3509; x_wconf 89' lang='lat' dir='ltr'>quo</span> <span class='ocrx_word' id='word_1_280' title='bbox 334 3441 599 3494; x_wconf 89' lang='lat' dir='ltr'>oraculum</span> <span class='ocrx_word' id='word_1_281' title='bbox 656 3440 810 3494; x_wconf 88' lang='lat' dir='ltr'>modo</span> <span class='ocrx_word' id='word_1_282' title='bbox 869 3437 1128 3507; x_wconf 86' lang='lat' dir='ltr'>prolatum</span> <span class='ocrx_word' id='word_1_283' title='bbox 1189 3436 1422 3506; x_wconf 90' lang='lat' dir='ltr'>pluribus</span> <span class='ocrx_word' id='word_1_284' title='bbox 1486 3434 1813 3504; x_wconf 81' lang='lat' dir='ltr'>explanatur,</span> <span class='ocrx_word' id='word_1_285' title='bbox 1877 3433 2054 3501; x_wconf 86' lang='lat' dir='ltr'>utiquc</span> 
     </span>
    </p>
   </div>
  </div>
 </body>
</html>
