2266 3722
1006 136 1350 186 ..38-

260 299 378 351 viris
418 294 829 350 contionantibus
867 293 1008 346 fraus
1045 291 1334 358 detegatur,
1371 289 1713 344 declamando
1752 307 1808 344 se
1846 295 2106 356 exercent,

259 383 620 450 Praxagoram‚
667 379 804 447 quid,
849 378 893 430 si
937 383 1143 446 praeter
1187 375 1630 445 exspectationem
1673 375 1827 428 homo
1883 391 2104 442 nequam

258 469 629 536 interrupturus
659 465 724 517 sit
762 478 1071 527 sermonem,
1110 459 1425 530 respondere
1462 450 1515 512 in
1553 461 1725 513 animo
1762 459 1970 526 habeat,
2009 458 2106 512 hoc

258 551 411 605 modo
471 548 791 615 interrogant
851 564 923 600 VS.
981 547 1083 597 248
1146 548 1264 618 ἀτάρ
1321 548 1379 614 ἢν
1436 546 1661 616 Κέφαλός
1718 566 1787 597 σοι
1842 547 2108 617 λοιδορῆται

257 637 581 710 προςνρθαρείς,
628 641 728 692 πῶς
775 637 978 705 ἀντερεῖς
1017 634 1130 704 πρὸς
1177 634 1313 684 αὐτὸν
1361 634 1408 685 ἐν
1465 635 1754 702 τήκκλησίᾳ;
1815 632 2109 700 Praxagora

258 726 544 780 convicium
575 722 763 789 regerit
789 725 929 792 φήσω
968 727 1277 792 παραφρονεῖν
1304 721 1457 772 αὐτόν.
1516 720 1906 788 subsequuntur
1932 737 2108 774 versus

459 815 579 864 254.
618 812 659 860 τί
696 808 753 875 δ’,
779 811 836 878 ἢν
875 810 1161 877 Νεοκλείδης
1199 811 1221 860 ὁ
1259 810 1455 876 γλάμων
1494 827 1547 859 σε
1583 809 1799 880 λοιδορῂ

425 899 574 951 Prax.
612 899 758 966 τούτῳ
800 896 882 964 μὲν
922 897 1045 947 εἶπον
1084 897 1132 953 ἐς
1169 896 1303 953 κυνὸς
1340 898 1486 964 πυγὴν
1526 898 1652 967 ὁρᾶν.

424 984 545 1038 Mul.
587 987 626 1035 τί
664 983 721 1046 δ’,
763 984 823 1052 ἦν
863 983 1173 1055 ὑποκρούωσίν
1213 1002 1290 1050 σε;
1330 983 1480 1036 Prax.
1519 987 1890 1055 προςκινήσομαι.

255 1073 516 1125 Aoristum
565 1071 792 1124 medium
838 1072 973 1124 inter
1017 1071 1187 1124 futura
1229 1072 1588 1141 interpositum
1635 1087 1788 1124 nemo
1835 1070 1985 1123 aliter
2021 1087 2109 1124 ac-

257 1159 427 1227 cipere
461 1163 632 1226 potest
657 1144 754 1209 nisi
781 1172 872 1225 pro
900 1156 1087 1209 futuro.
1133 1155 1281 1219 Quod
1325 1173 1442 1210 cum
1488 1157 1609 1210 viris
1655 1155 1820 1210 doctis
1858 1155 2108 1210 audacius

257 1242 526 1309 videretur,
572 1241 627 1294 id
673 1241 809 1310 quod
858 1242 1045 1295 totiens
1093 1248 1309 1309 egerunt
1352 1247 1508 1311 atque
1551 1242 1693 1296 facili
1738 1259 1864 1296 sane
1901 1243 2108 1310 negotio

255 1327 514 1397 perficitur
559 1327 641 1380 hic
689 1343 890 1395 quoque
936 1327 1162 1396 amplexi
1209 1334 1342 1392 sunt,
1389 1334 1444 1380 ut
1488 1329 1787 1381 inusitatam
1826 1327 2108 1381 dictionem

254 1413 434 1466 tollere
481 1429 631 1481 quam
679 1412 931 1481 exemplis
989 1412 1195 1465 firmare
1249 1413 1482 1466 mallent.
1564 1411 1742 1482 Itaque
1797 1406 2108 1483 Blaydesius

255 1497 513 1552 desiderat
549 1500 645 1567 γ’ἄν
685 1500 859 1567 εἴποιμ’,
882 1497 1135 1552 Velsenus
1162 1506 1322 1551 τοῦτον
1355 1507 1479 1567 μενεῖ
1504 1499 1598 1551 τόδ’
1628 1517 1802 1553 veram
1828 1500 2109 1554 lectionem

254 1602 367 1638 esse
423 1591 619 1639 censet.
714 1585 1038 1654 Quamquam
1095 1603 1161 1639 ex
1216 1587 1563 1658 Aristophane
1619 1587 1759 1640 aliud
1815 1587 2108 1642 huiusmodi

254 1672 547 1742 exemplum
587 1672 711 1724 mihi
749 1689 852 1726 non
889 1681 1096 1742 praesto
1143 1680 1235 1741 est,
1282 1672 1500 1727 Medeae
1542 1673 1856 1744 Euripideae
1903 1692 1975 1728 vs.
2018 1675 2106 1727 78:

253 1759 545 1824 ἀπωλόμεσθ
595 1756 686 1829 ἄρ’,
728 1759 766 1809 εἰ
804 1759 944 1809 κακον
994 1762 1289 1831 προςοίσομεν
1329 1763 1429 1812 νεόν
1468 1761 1653 1830 παλαιῷ
1682 1759 1817 1813 haud
1843 1760 2032 1814 frustra
2055 1762 2109 1814 in

253 1843 538 1912 subsidium
586 1861 770 1899 vocare
816 1845 941 1898 mihi
989 1846 1181 1901 videor.
1258 1847 1586 1916 Praxagorae
1632 1864 1937 1917 responsum
1996 1864 2108 1902 cer-

250 1930 449 1982 tissime
510 1947 571 1983 ac
631 1931 743 1984 sine
797 1948 943 1984 mora
997 1940 1296 1987 eventurum
1356 1951 1471 1988 esse
1527 1934 1716 1988 aoristo
1774 1932 2108 2000 significatur.

253 2014 429 2083 Neque
466 2016 593 2068 illud
632 2022 954 2086 praeteream
1003 2020 1179 2072 aoristi
1227 2020 1541 2087 singularem
1587 2019 1724 2072 hunc
1760 2036 1910 2073 usum
1947 2036 1980 2072 a
2015 2036 2107 2073 no-

251 2101 447 2154 tissimo
504 2101 592 2154 illo
650 2100 714 2154 de
759 2102 912 2156 rebus
958 2105 1339 2173 praesentibuS‚
1397 2122 1495 2175 quo
1551 2105 1778 2175 exempli
1834 2105 2001 2172 gratia
2055 2106 2108 2158 in

250 2184 377 2253 Equ.
417 2203 489 2239 vs.
530 2187 631 2238 696
671 2187 990 2258 allantopola
1026 2189 1274 2259 loquitur:

252 2273 410 2340 ἥσθην
451 2273 674 2334 ἀπειλαῖς,
717 2274 920 2341 ε’·ςελαῦα
960 2277 1310 2345 ψολοκομπίαις,
1351 2294 1455 2330 non
1493 2281 1769 2346 tantopere
1808 2276 2014 2331 differre
2051 2284 2111 2333 ut

252 2357 387 2411 Eccl.
430 2377 497 2411 vs.
546 2361 648 2411 255
697 2362 1005 2430 scripturam
1052 2380 1156 2417 non
1203 2364 1368 2418 solum
1415 2381 1447 2417 a
1492 2364 1758 2418 codicibus
1812 2365 1904 2418 sed
1951 2367 2109 2420 etiam

251 2460 283 2495 a
321 2443 604 2510 scholiasta
642 2444 709 2498 ad
748 2446 875 2498 Ach.
916 2465 989 2501 vs.
1032 2449 1133 2500 863
1174 2457 1225 2503 et
1263 2467 1293 2503 a
1333 2449 1495 2503 Suida
1532 2468 1570 2504 s.
1612 2469 1657 2502 v.
1699 2452 1848 2522 τούτῳ
1887 2454 1971 2520 μέν
1999 2470 2108 2507 ser-

252 2536 422 2582 vatam
461 2531 654 2584 reicere
691 2531 859 2585 liceat.

391 2615 575 2669 Restat
629 2634 732 2670 una
787 2620 987 2687 species
1045 2622 1425 2676 enuntiatorum
1483 2623 1631 2677 huius
1689 2626 1920 2693 generis,
1978 2643 2110 2695 quae

252 2699 532 2754 accedente
572 2703 759 2772 copula
795 2707 870 2754 καί
909 2708 1263 2761 concessivam
1312 2713 1413 2762 vim
1459 2708 1629 2763 habet.
1706 2708 1883 2778 Longe
1927 2713 2111 2765 maiori

250 2787 383 2854 parti
442 2790 821 2843 enuntiatorum
878 2808 910 2844 a
963 2795 1213 2849 vocabulo
1274 2797 1558 2866 composito
1609 2800 1694 2847 κᾶν
1750 2798 2109 2868 incipientium

251 2871 398 2925 deest
436 2876 573 2928 notio
614 2879 916 2932 concessiva
954 2887 1005 2934 et
1042 2885 1144 2948 κάν,
1192 2883 1328 2951 quod
1378 2901 1584 2953 semper
1633 2885 1800 2954 primo
1857 2887 2110 2939 enuntiati

250 2958 362 3011 loco
404 2959 636 3028 habetur,
677 2964 772 3017 soli
812 2964 1028 3020 duarum
1070 2972 1441 3023 sententiarum
1493 2972 1842 3025 coniunctioni
1879 2973 2108 3027 inservit.

249 3042 499 3105 Quoniam
558 3064 589 3099 a
651 3052 835 3105 ceteris
893 3056 1173 3108 enuntiatis
1237 3056 1682 3111 condicionalibus
1745 3059 1944 3112 secerni
2005 3076 2110 3113 non

249 3139 479 3197 possunt,
537 3149 639 3185 una
695 3151 810 3188 cum
867 3138 929 3190 iis
987 3142 1340 3195 tractavimus.
1419 3142 1718 3197 Sententiae
1776 3146 2110 3198 concessivae

249 3212 396 3268 huius
452 3218 674 3284 generis,
739 3238 853 3274 cum
912 3224 1183 3292 apodosim
1242 3229 1463 3297 protasis
1518 3228 1627 3282 fere
1683 3235 1940 3299 sequatur,
1996 3231 2112 3300 ipsa

249 3298 589 3354 collocatione
638 3320 669 3355 a
715 3322 856 3359 mere
904 3310 1349 3366 condicionalibus
1399 3313 1775 3367 discernuntur.
1861 3315 2111 3378 Quattuor

248 3389 445 3436 tantum
505 3386 632 3440 locis
688 3390 947 3445 inversum
1005 3395 1238 3449 ordinem
1295 3400 1468 3451 inveni
1526 3398 1585 3451 V.
1642 3417 1712 3453 vs.
1769 3401 1887 3453 813.
1949 3403 2101 3458 1297.
