2266 3722
195 333 449 388 erscheint
493 331 790 401 lacherlich,
852 332 970 386 dem
1032 339 1292 400 gesetzten
1353 332 1497 387 Falle
1559 333 1922 402 vergleichbar‚
1979 348 2033 385 es

195 418 396 472 mochte
421 416 647 472 Jemand
671 418 985 485 gebratenen
1006 417 1388 472 Tintenfischen
1410 419 1559 472 einen
1578 418 1701 472 Bart
1725 418 2033 484 umhangen.

195 503 371 557 Manet
408 501 615 556 dicendi
653 502 875 556 brevitas
915 520 1029 556 cum
1056 521 1159 557 non
1197 505 1454 576 expressis
1480 504 1648 570 verbis
1687 502 1904 555 addatur
1943 502 2036 554 sed

193 588 384 654 legenti
433 586 780 657 supplendum
834 589 1174 657 permittatur,
1229 589 1498 641 ridiculam
1544 605 1653 641 rem
1711 587 1887 654 videri,
1943 585 2036 639 sed

193 673 305 726 sine
337 673 606 726 verborum
646 671 849 726 defectu
885 673 1184 742 explicatur.
1259 673 1418 727 Plane
1446 673 1628 727 eodem
1662 671 1814 725 modo
1841 671 2037 738 reliqua

194 757 294 811 duo
331 757 694 827 Aristophanis
733 757 973 827 exempla
1008 757 1357 825 intellegenda
1394 764 1534 811 sunt:
1575 757 1632 809 R.
1672 773 1746 809 vs,
1789 757 1921 807 1158
1961 772 2034 823 sq.

193 842 287 896 Av.
335 860 408 895 vs.
455 843 556 894 281
606 859 680 910 sq.
766 841 1106 896 Vetustiorem
1153 843 1306 909 igitur
1349 843 1632 912 particulae
1679 844 1716 892 εἰ
1758 842 2036 905 notionem,

192 924 250 982 ut
285 927 411 980 nihil
448 928 548 981 nisi
593 944 702 980 rem
739 928 792 980 in
831 928 1094 980 enuntiato
1139 944 1233 997 per
1270 944 1325 980 se
1364 928 1676 981 subsistente
1723 927 2036 995 descriptam

191 1015 244 1067 in
290 1017 467 1067 mente
511 1029 574 1067 ac
619 1013 934 1081 cogitatione
980 1013 1172 1066 versari
1219 1012 1444 1081 doceret,
1493 1014 1858 1084 particularum
1899 1013 1963 1069 ὡς
2002 1013 2039 1062 εἰ

194 1099 541 1152 coniunctioni
595 1098 768 1152 inesse
825 1114 1114 1152 censemus.
1207 1097 1355 1151 Ratio
1403 1116 1532 1167 quae
1588 1101 1721 1152 inter
1777 1099 1903 1152 duas
1959 1115 2038 1151 res

192 1182 469 1237 intercedit
504 1199 607 1236 non
646 1199 852 1252 semper
888 1182 1041 1252 plene
1078 1183 1331 1252 profertur
1367 1183 1459 1236 sed
1497 1183 1756 1238 interdum
1802 1200 2038 1237 sermone

190 1269 493 1339 imperfecto
530 1268 803 1338 participio
842 1274 931 1321 aut
967 1268 1285 1321 substantivo
1323 1268 1672 1322 adumbratur.
1730 1268 1884 1338 Apud
1922 1269 2037 1321 Ari-

190 1353 495 1424 stophanem
521 1355 623 1408 tria
646 1354 903 1423 participii
931 1360 1048 1422 post
1085 1353 1150 1411 ὡς
1187 1355 1224 1404 εἰ
1250 1355 1404 1422 positi
1433 1355 1671 1424 exempla
1695 1355 2036 1407 inveniuntur.

192 1441 253 1496 N.
294 1459 365 1495 νε.
408 1443 559 1493 1359.
601 1441 651 1491 οὐ
689 1443 775 1512 γάρ
803 1444 882 1492 τότ
920 1440 1060 1498 εὐθὺς
1085 1448 1202 1512 χρῆν
1230 1440 1272 1493 0’
1296 1443 1580 1513 ἀραττεσθαί
1605 1461 1654 1493 τε
1679 1443 1755 1492 καὶ
1782 1443 2036 1503 πατεῖσθαι,

600 1527 722 1596 ᾄδειν
761 1527 1004 1579 κελεύονθ’
1028 1528 1224 1600 ὡσπερεὶ
1262 1532 1465 1597 τέττιγας
1503 1529 1750 1595 εστιῶντα;

192 1618 290 1670 Αν.
329 1632 403 1670 νε.
441 1616 524 1669 50.
901 1616 974 1686 χώ
1012 1617 1195 1673 κολοιὸς
1233 1616 1384 1668 οὑτοσὶ

599 1705 696 1752 ἄνω
735 1704 930 1773 κέχηνεν
971 1703 1168 1775 ὡσπερεὶ
1205 1706 1378 1761 δεικνύς
1416 1722 1455 1754 τι
1493 1723 1581 1771 μοι.

190 1789 330 1844 Eecl.
369 1806 441 1843 νε.
482 1789 601 1841 536.
642 1788 754 1840 ἀλλ’
795 1789 867 1857 ἔμ’
909 1790 1160 1842 ἀποδυσαᾶ
1202 1791 1487 1859 ἐπιβαλοῦσα
1524 1791 1819 1859 τοῦγκυκλον,

635 1876 758 1948 ᾤχου
798 1877 1097 1929 καταλιποῦσ’
1138 1878 1336 1951 ὡσπερεὶ
1374 1881 1681 1951 προκείμενον.

189 1964 526 2018 Enuntiatum
585 1964 782 2037 ὡσπερεὶ
844 1967 1138 2037 προκείμενον
1199 1984 1303 2020 non
1363 1968 1439 2020 ita
1498 1966 1901 2033 intellegendum
1964 1974 2042 2021 est

191 2052 338 2123 quasi
376 2058 564 2121 poetae
602 2051 929 2106 scribendum
968 2053 1171 2106 fuisset:
1213 2053 1368 2124 ὥσπερ
1408 2055 1545 2124 οἴχοιο
1584 2056 1639 2103 ἂν
1677 2052 1977 2104 καταλιποῦσ’
2006 2056 2042 2104 εἰ

193 2141 487 2211 προκείμενον
545 2141 684 2210 οἴχοιο
747 2140 1081 2206 καταλιποῦσα,
1137 2140 1229 2193 sed
1276 2140 1651 2209 Aristophanes
1708 2141 2042 2194 mulierculae

191 2227 354 2279 virum
393 2226 679 2282 deserentis
717 2243 913 2280 morem
953 2226 1175 2281 similem
1216 2244 1329 2281 esse
1369 2226 1494 2280 dicit
1531 2244 1593 2280 ac
1631 2229 1673 2281 si
1700 2229 1776 2280 vir
1813 2237 2041 2281 mortuus

191 2317 343 2366 esset.
400 2311 513 2365 Hoc
551 2313 594 2366 si
633 2312 928 2380 accidisset,
965 2313 1253 2367 certissime
1290 2314 1455 2366 virum
1493 2312 1806 2367 deseruisset
1842 2314 2041 2367 mulier.

189 2397 451 2451 Particula
487 2399 525 2449 εἰ
562 2414 670 2451 rem
707 2398 882 2451 fictam
921 2414 1037 2451 cum
1076 2414 1131 2450 re
1168 2415 1288 2451 vere
1326 2398 1465 2452 facta
1504 2399 1794 2467 comparari
1830 2399 2041 2452 indicat.

190 2483 442 2547 Quoniam
498 2485 800 2554 plerumque
855 2489 1041 2553 poetae
1096 2501 1179 2538 res
1233 2484 1448 2538 ficticias
1503 2486 1555 2538 in
1605 2487 2041 2555 comparationem

191 2576 392 2638 vocant,
420 2571 626 2639 saepius
654 2571 938 2624 omiserunt
963 2569 1272 2639 particulam
1311 2572 1370 2637 εἱ;
1409 2569 1556 2624 deest
1580 2571 1630 2624 in
1661 2571 1844 2625 eadem
1870 2589 2040 2626 rerum

191 2656 508 2712 condicione.
852 2654 912 2709 N.
955 2673 1028 2710 vs.
1070 2657 1188 2708 837.
1531 2657 1584 2708 σὺ
1623 2657 1671 2709 δὲ

530 2744 685 2817 ὥσπερ
723 2745 982 2801 τεθνεῶτος
1018 2744 1236 2795 καταλόει
1274 2763 1361 2812 μου
1399 2746 1475 2797 τὸν
1515 2746 1622 2814 βίον.

189 2830 253 2884 V.
292 2848 363 2885 νε.
406 2833 555 2884 1.370
596 2834 637 2883 τί
674 2837 821 2883 ταῦτα
857 2833 993 2904 λ·εηρ
956 2851 1035 2900 εις,
1075 2831 1232 2903 ὥσπερ
1271 2833 1358 2884 ἀπὸ
1396 2833 1568 2901 τύμβου
1605 2852 1659 2884 πε
1639 2836 1782 2901 εσ(ί)ν;

190 2918 458 2973 Breviores
494 2918 715 2988 ideoque
753 2919 1088 2989 imperfectae
1134 2922 1549 2989 comparationes
1588 2927 1721 2988 sunt,
1769 2922 1822 2974 in
1862 2921 2043 2990 quibus

191 3021 272 3058 res
309 3009 488 3072 gestae
526 3004 664 3058 nudo
703 3005 1027 3059 substantivo
1064 3004 1400 3071 illustrantur,
1439 3007 1597 3059 velut:

358 3089 486 3144 th.
524 3107 598 3144 νε.
639 3091 757 3142 876.
1017 3090 1214 3162 ὡσπερεὶ
1249 3090 1424 3161 χειμὼν
1462 3094 1553 3163 ἄρα

612 3179 816 3250 ὀρνιθίας
855 3178 904 3234 ἐς
941 3178 1025 3247 τὴν
1066 3181 1236 3250 ἀγοράν
1275 3180 1535 3249 ἐλήλυθας.

189 3264 320 3334 Equ.
350 3281 421 3319 νε.
449 3264 570 3318 270.
610 3266 806 3338 ὡσπερεὶ
843 3268 1062 3337 γέροντας
1099 3267 1227 3334 ἡμᾶς
1265 3267 1678 3336 ἐκκοβαλικευεται.

192 3352 254 3406 V.
311 3371 382 3408 νε.
444 3356 558 3407 129.
608 3355 632 3404 ὀ
671 3351 711 3404 δ’
754 3353 950 3425 ὡσπερεὶ
989 3351 1172 3411 κολοιὸς
1210 3354 1336 3426 αὐτῷ
1375 3357 1638 3412 παττάλους

614 3441 850 3512 ἐνέκρουεν
889 3442 938 3499 ἐς
974 3442 1053 3493 τὸν
1091 3448 1258 3513 τοῖχον.
