2266 3722
976 141 1324 190 ,34-

234 307 358 376 Equ.
373 305 488 357 798.
500 307 657 353 τοῦτον
667 300 731 350 δεῖ
741 295 910 348 ποτ’ἐν’
919 295 1127 367 Αρκαδίᾳ
1136 292 1432 361 πεντωβόλου
1443 293 1748 361 ἡλιάσασθαι,
1761 294 1818 361 ἢν
1833 294 2072 361 ἀναμείνῃ.

231 394 306 446 Pl.
331 395 445 445 112.
485 389 555 442 σοὶ
592 385 633 438 δ’
656 385 722 442 ὡς
760 387 815 435 ἂν
854 383 983 450 εἰδῇς
1022 383 1124 443 ὅσα,
1164 378 1271 451 παρ’
1310 380 1420 448 ἡμῖν
1460 381 1517 447 ἢν
1557 382 1718 448 μένῃς,

585 470 792 544 γενήσετ’
815 471 989 539 ἀγαθά,
1030 471 1223 540 πρόςεχε
1260 467 1339 517 τὸν
1377 472 1496 517 νοῦν.

230 567 322 621 AV.
364 565 514 617 1597.
804 563 881 609 νῦν
920 555 960 607 τ’
984 556 1229 623 ἐθέλομεν,
1272 555 1310 605 εἳ.
1347 555 1483 615 δοκεῖ,

580 648 660 699 ἐάν
698 646 749 697 τὸ
775 646 944 696 δίκαιον
971 644 1101 695 ἀλλά
1127 649 1204 693 νῦν
1231 642 1433 710 ἐθέλητε
1459 643 1587 713 δρᾶν,
1625 641 1825 697 σπονδάς
1849 641 2075 692 ποιεῖσθαι

230 741 349 810 Lys.
387 739 506 790 527.
580 737 637 804 ἢν
676 734 752 786 οὖν
791 735 927 802 ἡμῶν
967 773 977 782 .
1022 773 1031 782 .
1075 772 1085 782 .
1127 772 1138 782 .
1181 727 1439 799 ἐθελήσητ’
1481 729 1825 800 ἀντακροᾶσθαι

579 825 882 874 κάντισιωπάν
921 819 1075 890 ὥσπερ
1112 818 1159 888 χ’
1181 819 1332 887 ἡμεῖς,
1374 817 1784 888 ἐπανορθώσαιμεν
1824 818 1879 867 ἆν
1919 815 2053 885 ὑμᾶς.

230 915 286 968 Ρ.
324 930 394 968 vs.
425 912 539 965 140.
578 913 619 962 τί
655 909 713 972 δ’,
753 910 810 977 ἢν
849 908 898 965 ἐς
937 907 1070 979 ὑγρὸν
1107 909 1284 957 πόντιον
1323 906 1443 972 πέσῃ
1483 904 1655 972 βάθος;

578 1004 677 1055 πῶς
714 988 974 1057 ἐξολισθεῖν
1011 994 1186 1063 πτηνὸς
1222 994 1286 1043 ὢν
1324 994 1592 1062 δυνήσεται;

229 1087 563 1144 Thesm.269.
585 1087 749 1156 βάδιζε
786 1085 932 1135 τοίνυν
969 1082 1074 1135 Mn.
1115 1083 1181 1150 μά
1217 1082 1295 1132 τὸν
1326 1081 1558 1133 Ἀπολλω
1596 1078 1693 1141 οὔκ,
1732 1076 1793 1147 ῆν
1830 1097 1880 1147 γε
1918 1079 1986 1148 μὴ

581 1177 761 1244 ὀμόσῃς
797 1171 898 1241 ἐμοὶ
934 1170 1054 1224 Eur.
1094 1171 1134 1220 τί
1171 1171 1359 1241 χρῆμα;
1399 1168 1503 1221 Mn.
1545 1168 1798 1219 συσσώσειν
1836 1166 1920 1235 ἐμὲ

578 1268 745 1318 πάσαις
778 1262 977 1330 τέχναις,
1019 1259 1075 1326 ἢν
1114 1258 1189 1326 μοί
1225 1275 1265 1307 τι
1301 1258 1541 1328 περιπίπτῃ
1579 1259 1736 1307 κακόν.

367 1350 794 1406 Perlustravimus
833 1344 1065 1400 eiusdem
1104 1350 1194 1397 aut
1231 1343 1413 1398 similis
1460 1344 1603 1397 verbi
1648 1343 1816 1396 varias
1861 1341 2077 1409 formas;

229 1454 394 1507 neque
430 1453 549 1490 vero
587 1434 777 1489 desunt
814 1430 1055 1500 exempla
1081 1447 1296 1499 quorum
1321 1430 1376 1483 in
1402 1428 1587 1483 eodem
1623 1429 1875 1483 sermonis
1901 1434 2079 1481 tenore

230 1525 446 1578 aoristus
502 1521 727 1591 excipiat
782 1533 1029 1588 praesens
1084 1523 1289 1585 tempus
1345 1521 1500 1585 atque
1556 1515 1744 1569 frustra
1798 1514 2078 1569 discrimen

229 1611 493 1677 utriusque
530 1605 780 1675 temporis
819 1602 1073 1669 statuitur,
1113 1600 1228 1655 dico
1266 1601 1409 1654 locos
1447 1601 1608 1654 velut:

229 1695 356 1765 EqU.
395 1711 468 1749 vs.
510 1693 629 1745 276.
669 1688 781 1742 ἀλλ’
822 1689 901 1740 ἐάν
941 1687 1024 1757 μὲν
1062 1689 1192 1739 τόνδε
1229 1689 1357 1756 νικᾷς
1393 1687 1456 1756 τῃ
1495 1687 1602 1756 βοῇ,
1644 1689 1877 1758 τήνελλος
1913 1688 1968 1739 εἶ·

633 1781 689 1849 ἢν
726 1776 767 1830 δ’
789 1778 994 1845 ἀναιδείᾳ
1030 1777 1253 1848 παρέλθῃ
1292 1796 1335 1838 σ,
1375 1777 1602 1848 ἡμέτερος
1640 1778 1662 1828 ὁ
1701 1782 1952 1849 πυραμοῦς.

228 1871 386 1925 latine
422 1873 696 1937 utrumque
733 1863 1054 1919 reddendum
1093 1864 1418 1917 est:.viceris
1457 1870 1509 1917 et
1547 1865 1739 1918 vicerit.
1798 1871 1886 1918 aut

478 1953 540 2008 N.
578 1970 650 2008 VS.
693 1953 844 2005 1445.
882 1953 923 2001 τί
959 1949 999 2001 δ’
1022 1951 1080 2019 ἢν
1118 1950 1241 2020 ἔχων
1279 1950 1356 2001 τὸν
1394 1953 1522 2020 ἥττω

690 2040 827 2108 λόγον
866 2058 918 2090 σε
954 2042 1128 2108 νικήσω
1167 2039 1334 2107 λέγων.

379 2128 511 2181 1448
552 2126 649 2181 Str.
687 2129 728 2178 τί
764 2127 804 2178 δ’
828 2128 950 2178 ἄλλο
987 2125 1028 2195 γ’
1052 2128 1100 2195 η,
1140 2125 1268 2178 ταῦτ’
1310 2128 1367 2195 ἢν
1406 2133 1557 2194 ποιῇς,

688 2214 816 2266 οὐδέν
855 2233 904 2265 οε
941 2215 1142 2265 κωλύσει
1178 2215 1281 2265 κτλ.
1404 2226 1408 2230 “

229 2320 439 2373 quorum
476 2302 661 2356 vellem
702 2301 925 2356 Cobetus
965 2319 1164 2356 memor
1201 2302 1397 2368 fuisset,
1425 2301 1511 2369 qui
1550 2299 1855 2368 saepissime
1895 2298 2080 2366 (etiam

226 2390 319 2443 Av.
368 2405 439 2442 vs.
488 2389 588 2440 977
637 2394 689 2440 et
737 2386 912 2455 1078.)
970 2394 1262 2457 temporum
1321 2386 1724 2440 concinnitatem
1779 2385 1829 2437 vi
1891 2401 2081 2452 magna

228 2474 466 2528 restituit.
556 2472 685 2526 Cum
743 2474 1196 2539 grammaticorum
1251 2473 1453 2540 legibus
1514 2471 1710 2541 passim
1773 2471 2079 2540 scriptorum

224 2561 367 2614 locos
424 2574 710 2628 repugnare
764 2557 1010 2611 vidissem
1057 2557 1122 2611 de
1168 2557 1424 2612 industria
1468 2573 1682 2627 operam
1731 2556 1980 2610 collocavi
2025 2558 2077 2610 in

227 2644 526 2713 colligendis
571 2643 650 2697 his
699 2643 970 2713 exemplis,
1016 2660 1044 2698 e
1091 2644 1274 2712 quibus
1321 2643 1677 2714 appariturum
1737 2659 1849 2696 esse
1909 2659 2077 2713 spere,

227 2733 484 2799 utriusque
497 2729 741 2799 temporis
753 2730 1135 2784 coniunctivum
1147 2731 1451 2800 saepissime
1464 2729 1603 2782 nullo
1624 2728 1921 2782 discrimine
1937 2729 2075 2798 poni.

367 2814 757 2868 Condicionalia
812 2814 960 2868 huius
1017 2816 1221 2882 generis
1278 2816 1547 2869 enuntiata
1602 2814 1670 2868 ad
1735 2832 1817 2869 res
1878 2814 2077 2877 futuras

226 2902 527 2967 referuntur,
575 2916 705 2968 quae
753 2899 929 2968 quales
980 2901 1097 2967 sint,
1145 2902 1467 2971 experientia
1513 2900 1774 2954 docemur.
1851 2900 1977 2954 Cum
2025 2902 2077 2953 in

227 2986 410 3059 eadem
448 2985 554 3038 fere
593 3002 763 3038 rerum
801 3001 959 3039 causa
996 2992 1263 3040 versentur
1301 2987 1572 3040 enuntiata
1597 2985 1979 3040 condicionalia
2011 2986 2076 3038 ab

226 3071 477 3142 particula
532 3071 569 3121 εἳ.
624 3086 739 3123 cum
796 3070 963 3124 futuro
1020 3071 1338 3141 incipientia,
1393 3071 1656 3126 interdum
1703 3071 1867 3125 altera
1911 3072 2078 3125 forma

228 3159 440 3213 alteram
496 3157 736 3225 sequitur.
818 3155 995 3226 Itaque
1050 3159 1104 3210 in
1160 3158 1496 3213 altercatione
1552 3160 1687 3212 inter
1735 3157 1979 3213 Cleonem
2025 3164 2078 3213 et

227 3242 594 3314 allantopolam
632 3241 769 3295 facta
807 3241 930 3296 Cleo
969 3244 1193 3297 minatur
1229 3243 1358 3313 Equ.
1400 3261 1471 3298 vs.
1510 3245 1630 3296 288.

296 3329 503 3398 διὰβαλῶ
542 3325 603 3390 σ’,
643 3327 722 3378 ἐὰν
762 3330 1044 3399 στρατηγῇς.
1087 3329 1180 3382 sed
1217 3329 1358 3384 idem
1395 3330 1560 3384 altera
1596 3330 1763 3384 forma
1801 3331 1979 3385 utitur:

297 3433 369 3470 VS.
408 3417 525 3468 294.
564 3416 835 3487 διαφορήσω
875 3415 936 3476 σ’,
977 3417 1014 3467 εἴ
1052 3435 1090 3466 τι
1127 3408 1317 3487 γρόξεις,
