2266 3722
1037 87 1386 137 ..16-

286 259 436 311 quem
483 241 692 310 quidam
729 241 783 292 in
829 242 1222 307 grammaticam
1261 258 1501 308 graecam
1549 259 1738 295 novam
1775 242 2046 297 indicativi
2091 253 2142 298 et

284 328 347 380 ab
403 328 594 380 usitata
638 326 861 378 alienam
920 325 1021 377 vim
1066 326 1395 392 induxerunt,
1435 326 1562 379 nihil
1607 327 1675 380 ad
1730 327 2138 395 intellegendum

283 412 417 464 hunc
464 428 612 464 usum
657 427 786 479 opus
833 414 928 463 est.
1012 409 1159 472 Quod
1202 412 1254 462 in
1313 410 1525 464 exordio
1571 411 1719 465 huius
1765 413 2002 482 opusculi
2051 430 2142 466 ex·

284 498 564 566 posuimus,
605 496 872 548 enuntiata
917 494 1299 548 condicionalia
1337 496 1401 548 ab
1448 497 1690 565 optativis
1728 498 1962 566 profecta
2008 514 2143 567 esse,

283 581 377 634 hoc
423 581 535 634 loco
574 582 720 634 novis
765 580 1049 633 rationibus
1087 580 1280 632 firmari
1326 588 1513 649 potest.
1590 581 1643 633 Si
1691 583 1802 650 quis
1842 599 1951 635 rem
1990 599 2141 652 prae-

280 667 483 719 teritam
530 666 638 718 fieri
696 665 971 732 desiderat,
1019 682 1127 718 rem
1183 666 1237 717 in
1282 673 1517 734 tempore
1562 668 1825 734 praesenti
1881 668 2032 721 aliter
2086 684 2142 721 se

282 751 469 804 habere
506 753 618 819 ipse
656 767 757 803 non
798 752 979 804 nescit.
1056 749 1225 812 Quare
1263 750 1545 804 indicativo
1584 752 1637 802 in
1677 753 1954 806 enuntiatis
1992 757 2144 822 opta-

280 838 411 903 tivis,
462 853 591 905 quae
645 836 711 888 ad
756 837 1093 905 praeteritum
1147 842 1402 904 spectant,
1457 852 1546 889 suo
1602 837 1712 889 iure
1758 836 1945 890 Graeci
2001 842 2143 893 omni

281 930 449 976 aetate
487 924 565 975 usi
605 930 736 974 sunt.
813 921 939 974 Inde
979 921 1187 974 duxeris
1227 921 1495 974 indicativi
1542 923 1595 973 in
1634 924 1914 976 enuntiatis
1963 925 2142 977 condi-

282 1008 567 1061 cionalibus
624 1008 726 1059 vim
778 1014 829 1060 et
874 1014 1128 1073 naturam,
1177 1022 1328 1074 quam
1380 1007 1641 1060 nonnullis
1688 1008 1817 1060 locis
1863 1008 1945 1060 vel
2001 1010 2142 1079 apud

281 1093 676 1162 Aristophanem
705 1095 829 1146 satis
857 1094 1151 1161 perspicere
1173 1109 1463 1161 possumus.
1511 1092 1753 1162 Exempli
1773 1095 1941 1161 gratia
1960 1093 2141 1148 affero:

284 1179 398 1248 Lys.
429 1196 501 1232 vs.
531 1180 648 1231 360.
689 1181 726 1229 εἰ
751 1179 808 1247 νὴ
846 1178 912 1229 Δί’
951 1180 1046 1246 ἤδη
1085 1180 1170 1235 τάς
1215 1180 1417 1245 γνάθους
1459 1181 1633 1230 τούτων
1678 1198 1743 1236 τις
1788 1182 1818 1248 ἢ
1864 1181 1931 1237 δὶς
1969 1182 2000 1249 ἢ
2047 1184 2143 1253 τρὶς

494 1334 497 1336 v
689 1267 853 1336 ἔκοψεν
895 1267 1049 1338 ὥσπερ
1087 1267 1351 1328 Βουπάλου,
1394 1267 1556 1337 φωνὴν
1597 1271 1650 1317 ἂν
1692 1267 1774 1318 οὐκ
1813 1271 1867 1318 ἄν
1907 1269 2046 1338 εἶχον.

284 1367 478 1421 Chorus
507 1385 687 1421 senum
718 1368 909 1420 auxilio
939 1368 1212 1421 destitutus
1241 1368 1501 1435 mulieres,
1530 1385 1662 1437 quae
1690 1361 1862 1422 arcem
1891 1371 2141 1434 obtinent,
2202 1392 2205 1394 ·

280 1454 467 1507 frustra
511 1455 722 1521 aggredi
771 1453 961 1506 studet.
1040 1453 1174 1505 Dum
1222 1453 1288 1505 ad
1335 1453 1740 1523 oppugnandam
1788 1471 1963 1508 arcem
2007 1457 2142 1508 inter

281 1557 334 1593 se
381 1540 646 1592 hortantur
693 1557 859 1606 senes,
908 1540 1179 1592 mulierum
1229 1541 1524 1608 superbiam
1572 1540 1936 1610 deprecantur.
2014 1539 2145 1593 Cum

279 1625 556 1678 nemodum
596 1626 837 1679 maxillas
876 1626 1149 1678 mulierum
1189 1625 1440 1679 tutuderit
1479 1626 1644 1694 (quod
1689 1628 1804 1695 ipse
1852 1626 2039 1680 chorus
2079 1643 2145 1679 ex

279 1711 565 1780 impudenti
606 1728 783 1764 earum
824 1712 1050 1764 clamore
1079 1711 1403 1780 exploratum
1442 1711 1637 1780 habet),
1678 1711 1993 1765 desiderium
2020 1729 2142 1782 pro-

280 1796 458 1848 fertur:
501 1795 707 1849 Utinam
755 1798 866 1865 quis
913 1796 1191 1850 tutudissct
1235 1797 1448 1849 istarum
1495 1797 1753 1864 maxillaS,
1800 1802 1914 1851 tum
1962 1813 2141 1850 vocem

278 1898 379 1934 non
425 1881 688 1935 haberent.
765 1883 934 1950 Atque
982 1882 1241 1935 desiderio
1288 1883 1461 1936 locum
1508 1900 1623 1936 esse
1668 1884 1722 1935 in
1760 1883 1840 1937 his
1888 1884 2138 1947 versibuS,

279 1969 583 2036 quicumque
637 1970 927 2021 accuratius
989 1968 1117 2020 illud
1175 1985 1356 2021 senum
1415 1977 1466 2021 et
1521 1969 1795 2022 mulierum
1851 1968 2138 2021 diverbium

279 2055 664 2119 examinaverit,
706 2055 857 2107 facile
896 2054 1176 2121 intelleget.
1252 2053 1367 2107 Una
1413 2071 1513 2107 vox
1552 2072 1616 2106 ex
1653 2054 1751 2106 hac
1799 2055 1998 2107 ratione
2036 2070 2140 2107 non

279 2141 573 2192 necessaria
611 2139 828 2206 videtur,
876 2140 1133 2208 particula
1171 2143 1242 2201 ἄν,
1292 2141 1356 2193 de
1397 2157 1495 2208 qua
1543 2140 1664 2207 quid
1711 2141 1931 2192 sentiam
1977 2140 2140 2192 tribus

278 2225 443 2277 verbis
491 2225 766 2277 dicendum
815 2234 906 2279 est.
990 2226 1115 2279 Post
1161 2227 1372 2293 Reisigii
1423 2226 1914 2278 commentationem
1964 2225 2029 2278 de
2085 2228 2139 2275 ἄν

279 2311 564 2378 particulae
621 2313 668 2362 vi
716 2321 768 2364 et
817 2329 928 2376 usu,
975 2313 1059 2378 qui
1110 2312 1206 2365 hoc
1251 2313 1452 2365 statuit:
1501 2313 1587 2379 „dv
1627 2311 1898 2381 particula,
1945 2311 2140 2380 aliquid

281 2395 385 2446 tieri
446 2413 535 2464 per
591 2413 890 2449 caussarum
939 2396 1199 2463 quandam
1249 2397 1634 2450 cohaerentiam
1682 2413 1851 2466 posse,
1890 2397 2139 2465 indicat“,

279 2479 604 2534 Hermannus
651 2481 713 2534 de
754 2483 1010 2550 particula
1049 2485 1102 2531 ἄν
1151 2482 1345 2536 docuit:
1390 2483 1708 2552 „particulae
1754 2485 1809 2531 ἄν
1850 2499 1912 2535 ea
1950 2483 2139 2552 ubique

281 2565 352 2617 ris
399 2575 492 2631 est,
531 2575 584 2618 ut
622 2567 688 2618 ad
736 2568 958 2636 aliquam
1009 2568 1357 2622 conditionem
1406 2569 1673 2634 referatur,
1732 2585 1863 2636 quae
1910 2568 2138 2622 conditio

279 2666 433 2719 saepe
481 2650 790 2719 adiungitur,
841 2654 926 2706 ubi
973 2661 1145 2707 autem
1195 2672 1299 2707 non
1338 2648 1416 2707 est
1463 2654 1655 2720 addita,
1696 2659 1876 2707 tamen
1923 2656 2137 2722 cogitari

280 2733 481 2787 debet.“
522 2735 667 2789 Multi
716 2749 830 2806 post
868 2739 1221 2792 Hermannum
1269 2742 1322 2792 in
1363 2741 1491 2793 alias
1538 2740 1799 2793 doctrinas
1846 2739 2141 2793 inciderunt

281 2819 714 2884 (Baeumleinium
763 2830 816 2876 et
853 2825 1096 2877 Akenum
1127 2843 1252 2894 prae
1301 2826 1485 2878 ceteris
1532 2826 1789 2892 nomino),
1836 2841 1963 2893 quas
2011 2842 2137 2878 enu-

279 2921 478 2957 merare
516 2907 726 2974 longum
766 2917 841 2961 est
879 2927 1046 2978 neque
1082 2910 1361 2978 quidquam
1402 2911 1560 2964 habet
1586 2911 1938 2964 emolumenti.
2014 2909 2137 2964 Pro-

280 2989 427 3042 batur
470 2991 595 3043 mihi
642 2992 925 3047 Hermanni
971 2997 1228 3048 sententia
1273 2996 1477 3064 qualem
1524 2996 1580 3049 L.
1636 2996 1813 3062 Lange
1860 2998 1910 3048 in
1960 2996 2137 3049 diariis

280 3091 451 3141 gymn-
512 3077 761 3130 Austriac.
790 3095 909 3131 ann.
943 3081 1075 3131 1858
1104 3098 1152 3150 p.
1183 3082 1248 3134 48
1277 3099 1385 3149 sqq.
1414 3082 1722 3148 immutavit,
1758 3082 1841 3149 qui
1882 3081 2138 3151 particula

281 3161 334 3206 ἀν
381 3160 735 3214 condicionem
785 3164 990 3231 quidem
1037 3166 1256 3219 indicari
1308 3167 1592 3236 praecepit,
1642 3165 1734 3219 sed
1790 3166 2133 3220 indefinitam.

279 3243 455 3311 ltaque
502 3246 684 3299 chorus
729 3249 782 3299 in
821 3248 1141 3317 Lysistratae
1185 3253 1417 3305 versibus
1456 3267 1608 3304 voces
1654 3251 1984 3305 mulierculas
2032 3268 2136 3304 non

282 3330 556 3383 emissuras
602 3331 761 3384 fuisse
807 3350 898 3401 pro
946 3342 1084 3387 certo
1132 3335 1389 3389 affirmare
1437 3351 1540 3388 non
1588 3342 1774 3405 potest,
1815 3337 1972 3389 etiam
2011 3352 2136 3390 con-
