2266 3722
834 193 1260 252 ⁰-19—

163 351 382 405 reddere
422 369 708 421 possumus.
789 352 896 406 Non
942 355 1035 406 huc
1078 358 1298 423 pertinet
1339 356 1466 409 Nub.
1513 376 1578 408 vsv
1614 359 1746 407 1347
1788 359 1934 419 οὗτος,
1976 359 2014 408 εἴ

164 443 318 509 μήτῳ
361 439 627 499 'wendile-:tm
671 441 752 490 οὐκ
792 444 846 490 ἀν
887 442 944 509 ἦν
985 442 1132 498 οὕτως
1171 445 1449 504 ἀκόλαστος,
1481 446 1718 512 quoniam
1762 446 2014 497 ἐπεποίθειν

162 526 449 595 imperfect-i
496 527 659 578 instar
706 533 802 591 est,
843 527 893 579 id
942 529 1075 595 quod
1125 531 1281 582 etiam
1332 549 1397 584 vs.
1445 533 1578 581 1349
1618 532 1862 584 ostendit.
1940 533 2014 585 Ne

163 611 280 664 huic
336 613 513 678 generi
563 611 697 664 desit
746 612 1100 666 collocationis
1149 621 1285 680 nota,
1333 615 1540 682 addam,
1591 633 1690 667 uno
1737 621 1791 669 et
1838 619 2014 684 viginti

161 696 289 749 locis
313 697 558 765 protasim
584 696 797 765 apodosi
823 698 1387 765 praecedere,sedecim
1412 701 1537 753 locis
1560 687 1829 769 apodosim
1852 704 2014 770 sequi.

286 780 342 833 In
365 781 580 850 apodosi
604 781 831 833 omnium
856 790 977 848 quot
995 785 1346 837 recensuimus
1367 785 2014 854 exemplorumindicativo

160 867 336 918 iuncta
357 874 467 918 erat
487 866 745 934 particula
769 869 839 927 ἄν,
865 883 1106 934 qua,cum
1121 885 1201 920 res
1217 871 1407 937 protasi
1430 887 1678 937 expressa
1699 870 1764 921 ad
1777 879 2017 940 eventum·

161 968 265 1004 non
304 951 559 1020 perducta
598 952 678 1017 sit,
721 954 875 1004 etiam
924 953 1307 1006 conclusionem
1357 954 1477 1007 inde
1525 956 1712 1007 factam
1765 957 2013 1009 incertam

162 1054 275 1090 esse
332 1037 615 1089 memoriae
673 1037 961 1089 mandatur.
1058 1036 1186 1089 Nam
1247 1040 1556 1105 coniectura,
1616 1039 1735 1107 quid
1794 1042 2014 1093 futurum

160 1123 356 1186 fuisset,
387 1122 429 1174 si
458 1121 562 1173 alia
588 1139 670 1174 res
699 1122 974 1175 accidisset
1002 1140 1152 1175 nemo
1183 1124 1287 1175 fere
1316 1126 1517 1192 assequi
1549 1132 1732 1193 potest.
1796 1125 2013 1180 Perraro

160 1206 381 1276 simplex
406 1205 716 1259 indicativus
742 1208 1012 1273 invenitur,
1040 1224 1136 1275 qno
1160 1209 1350 1276 aliquid
1375 1214 1516 1262 certo
1539 1217 1837 1263 eventurum
1861 1212 2017 1265 fuisse

161 1299 252 1346 aut
279 1292 567 1345 affirmatur
593 1298 683 1345 aut
710 1293 994 1346 simulatur.
1056 1293 1108 1345 Si
1138 1294 1309 1356 verba,
1339 1295 1522 1362 quibus
1551 1295 1793 1348 debuisse
1821 1297 2017 1365 aliquid

160 1379 270 1432 fieri
309 1378 509 1442 dicitur,
550 1379 822 1445 exemeris,
851 1378 1048 1431 duobus
1086 1378 1214 1431 locis
1252 1380 1642 1448 Aristophaneis
1679 1383 1935 1448 particula
1962 1387 2016 1434 ἄν

160 1464 378 1534 apodosi
420 1481 519 1516 non
561 1463 809 1516 adiuncta
837 1472 929 1530 est,
959 1482 1170 1532 quorum
1202 1465 1421 1518 alterum
1451 1467 1764 1533 oblitterare,
1794 1469 2013 1522 alterum

160 1568 261 1604 non
301 1550 604 1614 intellegere
646 1549 870 1602 editores
900 1550 1081 1602 solent.
1141 1549 1220 1601 Ex
1247 1552 1409 1603 tribus
1438 1552 1579 1618 locis,
1611 1554 1691 1620 qui
1721 1554 1770 1605 in
1801 1555 2015 1624 apodosi

159 1636 410 1689 enuntiati
440 1635 580 1702 pleni
611 1634 981 1687 condicionalis
1013 1636 1155 1706 ἐχρῆν
1204 1634 1450 1688 exhibent
1497 1636 1570 1688 Pl.
1621 1656 1688 1690 vs.
1737 1640 1839 1689 586
1887 1647 2015 1708 utar,

160 1734 213 1776 ut
256 1722 559 1792 particulam
600 1725 654 1772 ἄν
694 1728 834 1775 recte
864 1724 1106 1775 omissam
1138 1741 1250 1775 esso
1291 1732 1554 1791 appareat.
1612 1724 1740 1778 Plut.
1785 1744 1855 1780 vs.
1897 1720 2015 1782 586.

299 1812 441 1861 καίτοι
478 1811 636 1881 χρυσῷ
676 1811 860 1877 μᾶλλον
901 1812 1043 1881 ἐχρῆν
1086 1812 1444 1881 (Ὶΰῖεφανῦηαι),
1487 1814 1609 1883 εἴπερ
1651 1814 1875 1865 ἐπλούτει.

160 1896 331 1950 lovem
373 1915 472 1950 non
516 1897 724 1949 divitem
758 1916 869 1950 csse
901 1899 1176 1964 colligitur,
1217 1898 1351 1966 quod
1384 1900 1598 1952 victores
1634 1901 1843 1954 oleastri
1871 1919 2015 1955 ramo

160 1991 386 2035 coronat.
464 1982 802 2050 Quamquam,
852 1983 894 2035 si
946 1982 1090 2035 dives
1130 1990 1268 2036 esset
1304 1983 1551 2052 Iuppiter,
1592 1986 1812 2039 vit-tores
1860 2005 2018 2040 aurea

161 2085 353 2121 corona
393 2069 686 2120 redimitum
726 2069 787 2120 iri
830 2068 1113 2137 Paupertas
1162 2068 1475 2121 contendere
1524 2073 1714 2138 nequit,
1755 2077 1810 2124 at
1847 2074 2016 2141 ipsum

162 2153 290 2205 illud
329 2153 463 2206 Iovis
504 2153 727 2206 osticium
771 2159 966 2205 certum
1008 2160 1198 2206 manet.
1259 2153 1400 2215 Quae
1441 2171 1554 2207 cum
1584 2156 1659 2208 ita
1686 2158 1802 2224 sint,
1832 2159 2014 2211 eodem

160 2242 268 2292 iure
319 2241 463 2311 ἐχρῆν
511 2238 819 2308 particulam
867 2242 922 2288 ἄν
969 2240 1179 2308 respuit,
1229 2256 1326 2307 quo
1374 2239 1572 2293 duobus
1618 2243 1847 2296 versibus
1896 2252 2016 2297 ante

159 2327 399 2396 adposita
445 2336 524 2379 est
569 2326 630 2386 (εἰ
675 2328 760 2397 γάρ
809 2327 1032 2388 ἐπλούτει,
1082 2332 1182 2382 πῶς
1228 2329 1282 2376 ἀν
1324 2329 1667 2399 ἀνεκήρυττεν).
1747 2328 2016 2384 Difficilius

164 2424 241 2466 est
266 2413 508 2466 iudicium
540 2411 604 2464 de
633 2412 832 2466 duobus
862 2413 1132 2482 exemplis,
1161 2431 1292 2481 quae
1320 2415 1574 2482 particula
1613 2418 1666 2465 ἀν
1708 2417 1757 2467 in
1799 2416 2016 2485 apodosi

160 2510 350 2554 carent.
427 2501 653 2552 Primum
695 2507 771 2552 est

161 2587 219 2639 V.
263 2605 332 2639 vs.
375 2588 491 2639 707.
534 2588 642 2636 εἰσίν
681 2606 730 2654 γε
771 2589 926 2644 πόλεις
951 2589 1091 2657 χίλιαι
1119 2588 1162 2637 αἳ
1188 2594 1265 2638 νῦν
1305 2589 1382 2637 τὸν
1423 2592 1564 2659 φόρον
1605 2591 1713 2657 ἡμῖν
1755 2594 2014 2657 ἀπάγουσιν.

533 2675 705 2723 τούτων
746 2676 908 2724 εἴκοσιν
949 2676 1119 2744 ἄνδρας
1159 2675 1336 2742 ’βόσκειν
1364 2677 1402 2724 εἴ
1427 2694 1491 2732 τις
1517 2669 1794 2747 aptae-„0232
1822 2679 2016 2745 ἑκάστῃ,

532 2763 608 2812 Eoo
651 2763 865 2832 μυριάδες
904 2769 996 2812 τῶν
1036 2764 1297 2830 δημοτικῶν
1337 2764 1463 2820 ἔζων
1506 2765 1551 2813 ἐν
1593 2774 1700 2815 πιιῡι
1740 2767 1953 2836 λαγῴοις.

308 2845 361 2898 In
385 2849 623 2900 omnibus
646 2848 911 2901 codicibus
939 2859 1204 2902 exaratum
1237 2858 1313 2903 est
1339 2852 1568 2921 μυριάδες,
1595 2852 1727 2919 quod
1754 2852 2018 2906 Dobraeus

161 2934 384 2986 correxit
438 2935 490 2986 in
549 2934 727 3006 μυριάδ’
751 2939 820 2985 ἀν.
899 2935 1196 3004 Bdelycleo,
1256 2937 1511 3005 quomodo
1577 2940 1764 2991 victum
1828 2940 2018 3008 populo

160 3020 410 3088 praebere
448 3022 652 3090 possint
690 3021 984 3074 adulatores
1023 3022 1210 3090 plebiS‚
1250 3031 1440 3089 narrat,
1480 3041 1669 3094 nempe
1718 3027 1760 3078 si
1809 3026 2018 3078 urbibus

160 3105 404 3159 subiectis
431 3107 762 3175 imperarent,
785 3114 840 3159 ut
867 3107 1261 3159 Atheniensium
1291 3114 1488 3161 certum
1514 3127 1779 3162 numerum
1804 3111 2017 3162 alerent.

161 3190 277 3244 Non
317 3193 631 3258 negaverim,
660 3192 883 3246 Dobraei
923 3193 1216 3259 lectionem,
1247 3193 1290 3246 si
1316 3194 1508 3247 tradita
1543 3203 1695 3261 esset,
1724 3197 1834 3248 sine
1863 3195 2017 3248 dubio

161 3277 399 3329 omnibus
427 3277 703 3344 probatum
731 3279 808 3344 iri,
833 3277 925 3330 sed
954 3279 1002 3329 in
1031 3284 1174 3330 tanto
1203 3278 1439 3331 codicum
1469 3296 1721 3333 consensu
1747 3282 2016 3349 patrocinii

167 3377 379 3414 munere
420 3362 560 3428 fungi
601 3379 789 3431 operae
829 3363 1048 3432 pretium
1091 3369 1184 3428 est,
1225 3379 1338 3415 cum
1391 3371 1526 3417 stare
1576 3382 1728 3434 posse
1777 3365 2017 3418 traditam

159 3448 463 3516 scripturam
515 3447 850 3501 confidamus.
929 3448 980 3500 Si
1022 3447 1312 3501 distributio
1361 3451 1648 3503 certissima
1698 3467 1856 3503 causa
1904 3452 2004 3503 erit

1714 3533 1763 3560 a*
