2266 3722
1016 167 1361 217 -32-

404 308 535 360 Raro
592 308 739 358 metri
799 323 957 358 causa
1012 308 1060 358 in
1120 323 1221 359 uno
1279 308 1543 361 enuntiato
1601 310 1767 362 varias
1823 309 2110 379 particulae

261 396 449 446 formas
489 394 754 445 coniunxit
791 402 962 459 poeta,
1003 391 1167 444 velut:
1504 451 1507 453 ,

355 477 414 531 N.
456 495 525 530 vs.
565 479 684 527 484.
726 478 782 544 ἦν
824 479 907 544 μέν
946 474 987 543 γ’
1012 478 1258 545 ὀφείληταί
1295 478 1336 527 τί
1374 497 1463 545 μοι,
1500 482 1695 547 μνήμων
1721 484 1855 549 πάνυ,

726 565 806 614 ἐάν
846 563 886 614 δ’
910 565 1104 633 ῥφείλω,
1147 566 1374 634 σχέτλιος,
1415 566 1684 635 ἐπιλήσμων
1722 573 1853 618 πάνυ.

262 652 398 704 Eccl.
429 668 498 704 vs.
531 652 679 702 1097.
721 651 777 718 νὴ
818 652 902 719 τὴν
935 653 1158 719 Ἑκάτην,
1200 652 1280 702 ἐάν
1319 671 1368 702 τε
1407 652 1558 720 βούλῃ
1596 652 1654 721 γ’,
1695 656 1753 723 ἦν
1792 674 1842 706 τε
1882 658 1964 724 μή.

260 739 490 806 Denique
563 754 626 789 ne
708 738 924 807 copulae
996 755 1112 791 cum
1187 739 1442 807 particula
1517 730 1607 790 ἐάν
1674 742 2109 795 consociationem

259 813 575 890 omittamus,
616 825 853 878 omnibus
892 825 999 878 fere
1035 826 1161 878 locis
1199 828 1284 876 κᾶν
1323 825 1567 878 traditum
1606 833 1852 894 servatur,
1890 833 1980 880 aut
2022 827 2109 880 ubi

257 914 309 965 in
339 912 601 965 codicibus
641 912 728 979 κῆν
769 918 1037 963 exaratum
1078 919 1156 965 est
1179 915 1257 977 (ut
1281 911 1409 964 Ach.
1438 928 1509 964 vs.
1538 913 1656 966 717.
1683 919 1736 966 et
1760 911 1835 965 Pl.
1863 929 1936 967 vs.
1966 914 2111 982 196),

265 999 568 1051 restituitur.
643 997 785 1050 Unus
824 996 1133 1067 Blaydesius
1171 997 1240 1050 ad
1275 997 1395 1067 Lys.
1436 1015 1507 1050 VS.
1552 999 1705 1066 1055,
1745 1000 1988 1067 quoniam
2024 1002 2111 1051 κᾶν

259 1087 405 1139 valet·
433 1086 509 1136 καὶ
547 1088 618 1145 ἄν,
659 1085 745 1138 ubi
785 1086 861 1136 καὶ
900 1086 980 1136 ἐάν
1019 1101 1236 1139 necesse
1262 1093 1356 1152 est,
1383 1086 1571 1139 rectius
1599 1087 1755 1140 scribi
1791 1089 1879 1156 κήν
1918 1094 2109 1143 censet.

398 1172 770 1226 Convertamus
798 1190 892 1226 nos
920 1173 988 1225 ad
1013 1190 1160 1227 usum
1186 1173 1473 1243 particulae
1509 1174 1568 1242 ἤν
1595 1172 1739 1242 (ἐάν).
1787 1174 2110 1230 Coniunctivi

257 1260 521 1328 primitiva
576 1259 715 1311 notio
774 1258 1058 1312 accedente
1114 1259 1372 1329 particula
1427 1262 1482 1311 ἄν
1536 1261 1748 1330 paulum
1798 1261 2110 1315 debilitatur.

259 1345 313 1398 In
362 1347 640 1398 enuntiat-is
688 1345 1149 1413 condicionalibuS‚
1195 1362 1326 1415 quae
1371 1364 1465 1417 per
1509 1348 1589 1399 ἐάν
1635 1349 1936 1416 formantur,
1987 1364 2112 1402 con-

192 1456 195 1459 *
257 1433 513 1484 iunctivus
554 1432 813 1485 desiderio
855 1434 962 1485 sive
1002 1434 1377 1502 exspectationi
1414 1436 1643 1489 inservit.
1702 1434 1845 1497 Quae
1883 1451 1999 1488 cum
2038 1435 2113 1486 ita

258 1518 365 1570 sint
402 1517 469 1569 ad
507 1523 710 1586 teinpus
749 1520 1084 1587 praeteritum
1135 1518 1231 1572 hoc
1275 1536 1435 1586 genus
1482 1521 1660 1573 referri
1706 1520 1898 1588 nequit.
1975 1518 2110 1572 Con-

259 1604 513 1655 iunctivus
551 1619 652 1655 uno
692 1603 805 1657 loco
833 1612 1051 1673 excepto
1081 1604 1202 1671 (Av.
1224 1621 1299 1658 vs.
1320 1605 1445 1672 554)
1474 1622 1681 1675 semper
1707 1613 1795 1658 aut
1818 1604 2111 1674 praesentis

260 1697 350 1740 aut
389 1689 562 1741 aoristi
604 1695 698 1754 est,
728 1690 811 1757 qui
853 1689 1108 1757 quomodo
1149 1688 1390 1742 differant
1427 1690 1565 1743 haud
1602 1691 1753 1744 facile
1779 1690 2111 1756 intellegitur,

261 1790 375 1826 cum
416 1791 515 1826 non
558 1775 795 1827 omnibus
833 1775 960 1828 locis
999 1776 1176 1828 aoristi
1215 1776 1289 1828 vis
1327 1776 1600 1845 perspicua
1636 1777 1714 1829 sit.
1791 1775 1932 1838 Quae
1958 1791 2115 1844 supra

261 1859 324 1911 de
364 1861 537 1912 aoristi
577 1861 881 1928 imperativo
922 1861 1380 1927 grammaticorum
1418 1860 1611 1914 iudicia
1642 1861 1978 1926 allegavimus
2017 1859 2114 1913 hoc

259 1946 372 1998 loco
413 1945 476 1997 (16
529 1947 856 1998 coniunctivo
904 1954 1138 2015 repetere
1185 1946 1364 1999 inutile
1410 1951 1507 2013 est,
1555 1964 1768 2014 quorum
1815 1946 2012 1998 nullum
2060 1947 2111 1997 in

260 2033 432 2083 onmia
471 2032 710 2099 exempla
760 2031 993 2098 quadrat.
1072 2031 1274 2084 Ernesti
1314 2038 1484 2084 autem
1524 2031 1832 2101 disputatio:
1881 2030 1980 2097 „de
2019 2048 2115 2085 usu

260 2118 436 2169 aoristi
478 2125 527 2169 et
566 2118 854 2185 praesentis
903 2118 1185 2169 coniuntivi
1233 2118 1287 2169 in
1335 2118 1614 2169 enuntiatis
1653 2117 1896 2183 relativiS‚
1936 2115 2113 2170 condi-

261 2203 559 2268 cionalibus,
599 2203 1022 2270 temporalibus&
1085 2202 1347 2269 Mai-burgi
1404 2219 1538 2255 anno
1598 2203 1730 2254 1873
1782 2202 1940 2268 edita,
1987 2201 2113 2254 nihil

259 2287 421 2339 affert.
482 2288 780 2356 Simplicem
810 2288 1214 2356 explicationem
1245 2288 1462 2341 aoristus
1488 2287 1644 2340 habet
1668 2289 1719 2340 in
1748 2288 1840 2340 Av.
1863 2305 1934 2341 vs.
1960 2288 2112 2340 1606.

773 2374 823 2423 οὐ
863 2376 948 2443 γάρ
991 2379 1153 2440 μεῖζον
1194 2373 1321 2440 ὑμεῖς
1361 2374 1400 2424 οἱ
1438 2374 1538 2424 θεοὶ
2063 2372 2066 2374 ’

511 2459 730 2529 ἰσχύσετ’,
774 2463 830 2528 ἢν
872 2462 1051 2532 ὄρνιθες
1091 2453 1292 2531 ἄρξωσιν
1332 2467 1484 2526 κάτως
1723 2459 1808 2528 [ὠν
1848 2461 2113 2533 περινοστῇ,

262 2547 302 2596 si
343 2563 461 2598 aves
490 2547 892 2600 dominationem
925 2559 1090 2599 terrae
1130 2549 1350 2617 adeptae
1390 2556 1552 2601 erunt.
1612 2546 1809 2600 Eadem
1836 2549 2113 2601 rationein

262 2630 332 2683 Pl.
374 2650 444 2684 xs.
485 2634 601 2684 494.
644 2635 700 2700 ἦν
740 2635 826 2704 γάρ
868 2636 890 2683 ὁ
931 2634 1147 2690 Πλοῦτος
1185 2635 1277 2684 νυνὶ
1317 2633 1471 2703 βλέψῃ
1511 2633 1587 2683 καὶ
1625 2632 1691 2701 μὴ
1730 2634 1907 2704 τυφλὸς

381 2730 384 2734 ’
646 2722 709 2776 ὡς
749 2721 855 2777 τοὺς
896 2722 1102 2788 ἀγαθοὺς
1142 2729 1233 2771 τῶν
1276 2723 1536 2792 ἀνθρώπων
1576 2720 1802 2788 βαῧὲεῖταῑ.

262 2806 478 2857 aoristus
509 2815 557 2858 et
585 2824 829 2874 praesens
859 2825 1005 2859 snam
1036 2811 1297 2861 notionem
1329 2815 1556 2874 servant;
1585 2808 1771 2860 aoristo
1799 2805 2115 2874 significatur

263 3001 514 3045 Secundum
550 3006 802 3047 Winterum
839 3006 920 3051 ,de
953 3006 1181 3048 modorum
1223 3008 1265 3048 in
1308 3006 1559 3049 enunciatis
1591 3005 1966 3067 conditionalibus
1998 3003 2116 3061 apud

263 3075 460 3129 tragicos
493 3088 680 3130 graecos
712 3082 816 3118 usu“
853 3079 1072 3133 reperitur

938 3146 1020 3189 ε’(ἒν
1192 3148 1245 3198 ἤν
1415 3147 1502 3189 κᾶν

435 3216 553 3271 apud
585 3217 861 3271 Aeschylum
968 3221 993 3261 S
1202 3221 1227 3262 3
1459 3222 1477 3261 1

589 3287 853 3343 Sophoclem
961 3291 1012 3331 22
1187 3293 1240 3334 *28
1443 3291 1493 3332 19

590 3359 849 3415 Euripidem
961 3363 1006 3402 11
1174 3363 1251 3404 176
1437 3361 1504 3412 83,
1536 3360 1697 3416 quibus
1735 3359 1852 3402 addo
1889 3371 2116 3402 numeros:

435 3430 552 3485 apud
585 3431 935 3485 Aristophanem
956 3432 1007 3473 59
1168 3432 1249 3474 ‘218
1435 3433 1503 3473 54.
