2266 3722
256 135 322 187 Vl

254 291 379 359 Equ.
420 292 593 355 404.*)
635 292 733 340 εἴθε
773 291 987 359 φαύλως,
1029 290 1185 360 ὥσπερ
1227 291 1373 360 εὗρες,
1414 289 1632 357 ἐκβάλοις
1670 290 1756 357 τὴν
1798 290 1992 340 ἔνθεσιν.

418 376 576 445 ᾄσαιμι
614 379 700 448 γάρ
740 374 834 427 τότ’
858 380 913 426 ᾶν
954 380 1110 443 μόνον,
1160 383 1273 441 πῖνε,
1314 374 1402 426 πῖν’
1426 377 1498 426 ἐπὶ
1537 384 1813 448 συμφοραῖς.
1890 375 2122 428 Alterum

255 463 373 516 Pac.
412 465 532 515 346.
573 467 611 514 εἰ
648 466 737 534 γάρ
778 462 992 530 ἐκγένοιτ’
1017 465 1123 514 ἰδεῖν
1162 465 1336 531 ταύτην
1378 466 1436 530 μέ
1476 482 1585 514 ποτε
1623 464 1708 532 τὴν
1748 466 1944 536 ἡμέραν.

414 553 534 603 349.
574 550 754 602 κούκέτ’
783 554 838 601 ἄν
880 549 929 618 μ’
960 551 1107 621 εὕροις
1146 550 1367 618 δικαστὴν
1411 550 1570 622 {pqr-32
1611 551 1715 602 οὐδὲ
1753 553 1981 603 δύσκολον
2020 551 2123 601 κτλ.

395 641 564 707 Atque
603 647 658 690 ut
697 638 760 690 de
803 639 846 689 vi
888 637 1234 690 condicionali
1286 639 1668 691 enuntiatorum
1716 639 1896 692 horum
1935 639 2126 708 optati-

253 742 429 778 vorum
471 725 639 777 omnis
680 723 935 776 dubitatio
975 723 1200 788 tollatur,
1252 724 1363 791 ipse
1403 725 1632 776 comicus
1677 725 1861 793 prioris
1901 723 2127 792 exempli

253 811 566 864 sententiam
607 809 818 878 paulum
862 809 1111 860 variatam
1155 809 1229 860 sic
1269 810 1547 877 expressit:

254 897 382 965 Equ.
424 897 543 947 973.
591 895 775 964 ἥδιστον
825 900 948 965 φάος
995 895 1178 965 ἡμέρας
1224 896 1351 944 ἐσται
1393 936 1403 945 .
1446 936 1457 946 .
1499 937 1511 947 .
1553 897 1611 963 ἦν
1661 896 1830 947 Κλέων
1878 896 2125 962 ἀπόληται.

396 982 640 1045 Quamvis
698 983 854 1048 igitur
912 997 978 1032 ne
1035 973 1400 1049 Aristophanis
1458 981 1666 1049 quidem
1725 990 1896 1034 aetate
1960 980 2131 1033 desint

254 1069 486 1135 vestigia,
527 1068 710 1135 quibus
750 1065 1008 1135 quomodo
1049 1066 1359 1119 censormari
1409 1069 1636 1136 potuerit
1682 1067 1925 1136 periodus
1966 1067 2130 1136 hypo-

252 1155 446 1207 thetica
467 1153 742 1222 perspicue
766 1159 1125 1218 cognoscatur,
1149 1159 1324 1203 tamen
1346 1151 1468 1205 inde
1491 1153 1556 1205 ab
1578 1152 1790 1204 Homeri
1811 1153 2130 1221 temporibus

253 1240 396 1293 nulla
423 1239 530 1292 fere
557 1254 739 1290 sensus
767 1237 983 1306 optativi
1013 1237 1211 1289 ratione
1240 1236 1418 1289 habita
1444 1239 1830 1290 enuntiationes
1866 1237 2131 1291 condicio-

255 1326 398 1378 nales
462 1323 787 1392 amplissima
849 1321 1204 1375 incrementa
1242 1324 1445 1391 cepisse
1501 1324 1617 1391 ipsa
1679 1325 1941 1392 paucitate
2006 1324 2131 1376 satis

252 1411 650 1465 demonstrant.'
695 1408 1086 1462 Sententiarum
1114 1409 1160 1458 vi
1190 1407 1303 1461 sola
1329 1409 1504 1461 variae
1533 1408 1896 1462 condicionum
1934 1410 2132 1462 formae

252 1503 424 1550 certas
487 1494 737 1564 quasdam
798 1500 853 1547 et
900 1494 1139 1546 definitas
1188 1495 1332 1561 quasi
1392 1495 1684 1562 provincias
1731 1505 2131 1563 occupaverunt,

253 1592 308 1636 ut
364 1582 557 1651 protasi
617 1579 1084 1648 quomodocunque
1141 1594 1427 1649 conceptae
1485 1579 1825 1649 responderet
1888 1581 2132 1649 apodosis

253 1684 498 1735 congrua.
580 1665 756 1734 Neque
814 1682 952 1730 ver0,
1011 1666 1052 1717 si
1111 1682 1243 1733 quae
1301 1666 1666 1733 praemisimus
1727 1681 1848 1717 vera
1905 1674 2041 1731 sunt,
2081 1667 2131 1717 in

256 1770 482 1807 errorem
534 1751 691 1804 hodie
748 1751 1109 1820 pervulgatum
1167 1752 1506 1817 incurremuS,
1556 1768 1654 1819 quo
1713 1768 1884 1803 errore
1942 1767 2133 1819 aequa-

257 1840 511 1892 bilitatem
583 1837 725 1890 illam
805 1838 1153 1889 membrorum
1232 1836 1670 1889 condicionalium
1750 1838 2132 1890 enuntiatorum

253 1942 512 1979 summam
553 1924 720 1990 legem
764 1930 963 1992 putant,
1005 1940 1137 1990 quae
1184 1924 1226 1974 si
1275 1923 1507 1989 violetur,
1550 1922 1913 1992 supplemento
1960 1923 2133 1975 animo

254 2013 512 2080 loquentis
553 2010 897 2078 supponendo
938 2016 1092 2077 atque
1130 2010 1259 2077 ipsis
1298 2010 1644 2077 pronuntiatis
1674 2009 1842 2062 verbis
1875 2008 2133 2061 interdum

258 2098 451 2149 maiore
503 2097 799 2148 restituatur
847 2110 1064 2147 necesse
1111 2101 1204 2146 est.
1281 2093 1445 2147 Immo
1491 2102 1747 2158 tenemus,
1795 2110 1929 2161 quae
1985 2095 2134 2147 nobis

258 2183 523 2251 ellipticae
563 2180 804 2232 videntur
843 2179 1114 2234 formulae.
1156 2196 1219 2231 ex
1261 2189 1436 2231 vetere
1477 2181 1733 2232 sermonis
1772 2198 1865 2232 usu
1905 2190 2135 2233 servatas

258 2285 389 2333 esse,
437 2269 489 2319 in
548 2283 646 2334 quo
705 2266 984 2317 enuntiatis
1042 2265 1379 2334 posteriorem
1440 2267 1843 2317 concinnitatem
1903 2265 2130 2318 nondum

258 2354 494 2405 homines.
535 2351 888 2416 assignabant.
955 2350 1059 2401 Sed
1099 2349 1162 2402 de
1203 2349 1279 2402 his
1319 2352 1599 2403 enuntiatis
1627 2352 1947 2417 gravioribus
1979 2368 2132 2418 argu·

263 2439 449 2490 mentis
490 2437 660 2489 allatis
700 2453 791 2487 suo
831 2436 945 2488 loco
985 2447 1179 2501 agetur.

411 2522 623 2575 Vastam
673 2523 1055 2573 enuntiatorum
1105 2521 1560 2587 condicionalium,
1607 2523 1779 2590 qualia
1822 2524 1875 2574 in
1930 2523 2136 2576 exculta

261 2609 440 2675 lingua
488 2606 689 2659 Graeca
745 2616 878 2671 sunt,
926 2607 1128 2675 copiam
1188 2606 1452 2673 digesturo
1513 2607 1836 2659 secernenda
1892 2618 2011 2660 sunt
2056 2625 2134 2674 ea,

264 2710 396 2762 quae
435 2693 702 2762 particulis
729 2694 768 2741 εἰ
794 2699 849 2744 et
873 2692 953 2741 ἐαν
981 2693 1390 2758 introducuntur,
1418 2693 1483 2745 ab
1511 2694 1572 2746 iis
1600 2694 1652 2744 in
1687 2694 1868 2761 quibus
1897 2693 2134 2748 condicio

264 2780 531 2832 enuntiato
570 2779 814 2847 primario
855 2780 1172 2847 exprimitur.
1249 2780 1418 2846 Atque
1464 2796 1580 2831 cum
1627 2780 1679 2830 in
1727 2781 1896 2848 priore
1943 2797 2134 2846 genere

263 2865 655 2917 coniunctiones
712 2875 799 2915 aut
853 2872 1021 2916 certus
1079 2864 1263 2916 modus
1319 2872 1563 2931 sequatur
1615 2871 1703 2916 aut
1749 2864 1899 2929 desit,
1946 2881 2133 2918 novam

267 2949 386 3001 inde
405 2949 626 3016 petimus
646 2947 910 3000 dividendi
930 2949 1187 3001 rationem
1209 2957 1259 3000 et
1277 2949 1632 3016 quaestionem
1656 2948 1721 3001 de
1741 2951 2132 3003 enuntiatorum

258 3034 701 3086 vcondicionaliuin
730 3033 869 3102 apud
893 3034 1296 3102 Aristophanem
1318 3033 1496 3086 formis
1518 3040 1572 3087 et
1595 3052 1689 3087 usu
1712 3035 1783 3086 ita
1803 3036 2133 3090 instituemus

269 3129 322 3171 ut
360 3138 390 3170 a
426 3120 680 3187 particula
734 3122 773 3170 εἰ
811 3136 926 3172 cuni
967 3120 1247 3172 indicativo
1285 3121 1567 3172 coniuncta
1605 3121 1808 3172 initium
1848 3122 2133 3190 capiamus,

410 3275 452 3329 ⁴)
486 3277 537 3318 In
576 3276 860 3319 numerandis
898 3277 1102 3318 versibus
1149 3276 1374 3319 Dindorfii
1419 3276 1662 3319 editionem
1709 3282 1944 3334 poetarum
1989 3280 2134 3322 sceni-

270 3357 423 3388 corum
455 3346 725 3390 Graecorum
757 3348 958 3401 quintam
990 3352 1168 3390 secutus
1200 3361 1310 3391 sum.
