2266 3722
962 209 1306 257 -55—

205 362 290 412 ubi
330 363 512 414 iterum
555 361 711 412 verba
748 363 804 428 ἥν
845 364 1016 427 ἀμείνω
1042 362 1082 428 γ’
1106 365 1340 429 εἰςενέγκω
1380 369 1470 412 των
1509 366 1746 432 παρόντων
1775 371 2056 433 πραγματων

204 453 436 516 tempore
465 445 890 516 praegrediuntur
915 448 1015 501 illis
1052 451 1090 500 εἰ
1113 448 1154 501 δ’
1177 449 1268 517 ἐγὼ
1294 450 1406 518 γυνὴ
1445 451 1640 519 πέφυκα.
1701 448 2056 516 Coniungendi

204 539 323 586 sunt
361 534 410 585 in
450 532 545 586 hoc
584 550 774 598 genere

204 617 330 686 Equ.
371 635 442 670 vs.
485 619 604 671 694.
646 620 684 669 εἰ
721 618 788 686 μὴ
827 617 870 669 σ’
894 621 1186 687 ἀπολέσαιμ’,
1218 622 1256 671 εἴ
1292 640 1331 672 τι
1367 627 1459 671 τῶν
1497 620 1649 672 αὐτῶν
1687 622 1788 688 ἐμοὶ

648 706 827 775 ψευδῶν
865 706 1003 774 ἐνείη,
1043 709 1292 775 διαπέσοιμι
1318 707 1548 777 πανταχῆ.

201 798 252 845 et
272 790 361 844 Th.
386 809 457 845 vs.
485 793 604 844 926.
646 793 697 843 οὐ
735 795 822 863 γάρ
860 794 1087 864 προδώσω
1127 795 1340 846 οὐδέποτέ
1381 792 1440 860 σ’,
1479 796 1622 865 ἤνπερ
1662 794 1860 861 ἐμπνέω,

640 882 697 949 ἢν
736 880 803 950 μὴ
841 880 1095 953 προλίπ(ι)σ’
1119 884 1164 932 αἱ
1202 884 1353 954 μυρίαι
1391 901 1448 949 με
1486 883 1707 951 μηχαναί.
1919 866 1923 869 .

199 964 426 1034 Utroque
464 966 576 1019 loco
616 968 953 1034 gravissimae
1002 969 1400 1023 asseverationis
1445 967 1738 1037 exemplum
1789 967 2055 1031 habemuS,

197 1050 304 1103 illic
345 1049 712 1120 PaphlagoniS,
769 1053 870 1121 qui,
910 1054 952 1106 si
993 1053 1113 1122 quid
1169 1054 1220 1106 in
1249 1058 1332 1106 'se
1381 1060 1606 1105 veterum
1668 1050 2053 1104 mendaciorum

198 1136 338 1201 insit,
378 1153 434 1189 se
473 1136 783 1190 intercidere
823 1137 954 1191 velle
992 1139 1141 1205 iurat,
1169 1139 1211 1191 si
1240 1137 1611 1207 allantopolam
1643 1153 1744 1189 non
1772 1135 2054 1205 disperdat,

197 1220 281 1274 hic
318 1219 599 1290 Euripidis,
640 1223 724 1290 qui
763 1220 1137 1276 Mnesilochum
1181 1239 1439 1291 nunquam
1481 1239 1537 1275 se
1575 1221 1897 1292 proditurum
1940 1238 2055 1273 esse

197 1306 439 1373 affirmat,
480 1307 523 1360 si
562 1306 716 1361 modo
766 1306 1043 1377 quidquam
1094 1309 1144 1361 in
1193 1324 1250 1361 se
1287 1308 1512 1360 futurum
1551 1308 1617 1360 sit
1655 1307 1806 1373 vitae,
1847 1307 1890 1359 si
1929 1323 2052 1359 con-

197 1392 327 1446 sueti
371 1391 477 1446 doli
515 1409 571 1445 se
610 1410 712 1446 non
752 1392 1052 1447 destituant.
1127 1393 1299 1462 Atque
1337 1394 1390 1445 in
1430 1391 1673 1461 Equitum
1715 1392 1945 1445 versibus
1985 1409 2051 1444 ex

194 1478 424 1548 optativo
449 1479 701 1547 διαπέσοιμι
724 1478 1105 1534 condicionalia
1129 1479 1399 1532 enuntiata
1419 1477 1628 1532 modum
1651 1479 1870 1531 traxisse
1892 1493 2051 1546 supra

194 1563 433 1618 vidimus.
513 1566 641 1619 Cum
681 1571 844 1620 totum
887 1567 1176 1620 sententiae
1214 1566 1418 1636 pondus
1456 1568 1506 1619 in
1547 1564 1802 1618 vincendo
1829 1565 2052 1617 isiciario

194 1652 420 1719 positum
460 1652 525 1704 sit
562 1652 824 1721 primitiva
861 1652 1234 1706 exsecrationis
1282 1653 1448 1705 forma
1495 1659 1630 1705 erat:
1690 1653 1728 1702 εἰ
1766 1655 1831 1720 μή
1872 1652 1914 1701 0'
1939 1654 2050 1702 ἁπο-

190 1739 390 1807 λέσαιμι,
437 1739 689 1807 διαπέσοιμι
728 1752 832 1791 non
871 1739 911 1790 εἴ
947 1757 985 1790 τι
1031 1744 1122 1789 τῶν
1162 1738 1314 1790 αὐτῶν
1361 1739 1462 1807 ε’μοὶ
1519 1739 1698 1808 ψευδῶν
1757 1739 1895 1807 ἐνείη,
1955 1739 2049 1790 δια-

190 1829 381 1894 πέσοιμι.
458 1824 571 1879 Non
620 1825 830 1878 dubium
880 1833 972 1892 est,
1021 1826 1139 1894 quin
1191 1825 1428 1880 condicio
1477 1828 1515 1878 εἴ
1552 1845 1591 1876 τι
1628 1831 1720 1876 τῶν
1760 1826 1913 1877 αὐτῶν
1952 1826 2052 1893 ἐμοὶ

188 1915 368 1984 ψευδῶν
406 1914 528 1983 ἐνείη
568 1913 714 1967 alteri
755 1913 988 1966 subiecta
1026 1914 1106 1979 sit,
1159 1930 1311 1982 quam
1353 1913 1604 1966 rationem
1653 1918 1854 1966 mutata
1892 1914 2051 1967 collo-

187 2002 391 2055 catione
430 2001 687 2054 illustrare
725 2000 861 2053 licet.
927 1999 1003 2052 De
1042 1999 1204 2063 altero
1245 1999 1892 2069 Thesmophoriazusarum
1932 2000 2045 2054 loco

106 2117 108 2119 ·
187 2086 324 2140 haud
362 2087 501 2140 facili
549 2086 755 2153 negotio
803 2084 1016 2138 iudicari
1064 2092 1248 2154 potest.
1327 2082 1456 2137 Nam
1508 2102 1622 2138 cum
1673 2093 1886 2154 utraque
1930 2103 2050 2155 pro-

186 2173 314 2226 tasis
352 2190 445 2242 per
485 2190 540 2226 se
580 2189 694 2225 cum
736 2170 950 2240 apodosi
992 2171 1266 2235 coniuncta
1293 2176 1466 2240 aptam
1508 2172 1818 2225 sententiam
1858 2171 1910 2223 in
1950 2189 2050 2240 qua

187 2258 314 2311 nihil
355 2257 675 2311 desideretur
712 2257 923 2323 efficiat,
972 2256 1129 2325 priori
1179 2254 1401 2325 duplicis
1447 2257 1669 2325 protasis
1718 2257 1911 2324 generi,
1951 2274 2050 2326 quo

186 2344 349 2397 altera
377 2344 599 2413 protasis
626 2342 936 2396 sententiam
965 2340 1278 2408 generalem,
1307 2340 1472 2394 altera
1498 2341 1811 2408 singularem
1841 2341 2049 2409 evolvit,

185 2447 362 2482 versus
401 2428 727 2482 adnumerari
769 2428 912 2480 velis.
992 2425 1312 2495 Quamquam
1362 2425 1481 2480 huic
1528 2427 1759 2497 opinioni
1806 2443 1897 2481 suo
1938 2428 2048 2480 iure

185 2514 491 2585 adstipulari
545 2531 852 2583 quemquam
909 2529 1010 2566 non
1065 2512 1377 2580 negaverim,
1436 2518 1611 2566 tamen
1662 2511 1789 2565 illud
1847 2529 2048 2581 quoque
2112 2510 2114 2512 ’

186 2599 575 2654 concedendum
626 2607 720 2664 est,
763 2599 920 2652 verba
966 2599 1111 2670 ἤνπερ
1150 2598 1335 2666 ἐμπνέω
1374 2597 1525 2652 alteri
1574 2598 1765 2667 protasi
1807 2598 2047 2665 subiungi

170 2704 351 2758 posse.

325 2771 392 2826 Ut
438 2773 709 2826 enuntiata
755 2772 1058 2825 concessiva
1106 2787 1221 2824 cum
1270 2770 1548 2824 enuntiatis
1604 2770 2047 2824 condicionalibus

184 2863 407 2928 semper'
437 2875 542 2911 una
590 2857 939 2923 tractavimus,
979 2857 1052 2910 ita
1098 2857 1149 2909 in
1198 2856 1296 2910 hoc
1335 2872 1537 2925 quoque
1576 2872 1767 2923 genere
1806 2856 2048 2925 exempla

184 2946 234 2996 in
293 2944 475 3013 quibus
520 2944 684 2997 altera
739 2943 961 3013 protasis
1013 2940 1361 3012 hypothetica,
1408 2941 1573 2995 altera
1620 2942 1923 2995 concessiva
1968 2951 2047 2994 est

184 3047 283 3083 non
326 3031 736 3098 praeteribimus
811 3027 1090 3097 Utriusque
1138 3027 1359 3097 protasis
1409 3027 1541 3081 ratio
1590 3043 1653 3080 ea
1698 3034 1793 3094 est,
1833 3033 1888 3080 ut
1927 3044 2044 3096 pro--

182 3116 307 3169 tasis
347 3117 664 3183 concessiva,
706 3116 897 3185 quippe
937 3130 1067 3182 quae
1107 3113 1398 3167 sententiae
1447 3130 1541 3183 per
1586 3130 1642 3167 se
1680 3114 2044 3183 pronuntiatae

182 3219 367 3255 novam
408 3201 608 3255 adferat
644 3201 1041 3267 restrictionem,
1087 3199 1278 3267 ubique
1318 3197 1662 3253 condicionali
1703 3200 1936 3253 subiecta
1962 3201 2042 3252 sit.

182 3285 241 3340 N.
282 3280 354 3340 νε.
395 3289 494 3339 591
537 3305 646 3357 sqq.
687 3286 746 3341 V.
789 3303 860 3340 νε.
903 3286 1004 3337 653
1045 3301 1120 3354 sq.
1161 3301 1233 3338 vs.
1277 3285 1408 3337 1071
1450 3303 1557 3356 sqq.

940 3441 1275 3457 N-l‘ssm-fd
