2266 3722
162 721 207 784 Ι.
275 720 602 784 Enuntiata
649 719 1097 796 condicionalia,
1145 737 1295 798 quae
1345 702 1725 799 sz'particula
1772 738 1901 781 cnm

543 818 867 882 indicativo
914 818 1120 880 iuncta
1166 819 1519 881 formantur.

243 974 557 1027 Indicativus
585 974 649 1026 de
670 975 731 1026 iis
764 974 983 1042 ponitur,
1014 989 1146 1039 quae
1175 979 1293 1025 sunt
1319 980 1407 1025 aut
1434 990 1547 1026 esse
1573 972 1952 1041 praedicantur.

103 1059 397 1114 Particulae
436 1060 474 1109 εἰ
511 1059 552 1111 si
581 1058 917 1123 subiungitur,
948 1073 1077 1124 quae
1116 1058 1323 1126 proprie
1364 1074 1470 1109 rem
1510 1059 1641 1110 sumi
1681 1058 1953 1124 significat,

104 1145 168 1198 de
206 1146 255 1197 vi
295 1161 448 1213 quam
492 1145 545 1196 in
593 1142 870 1195 enuntiatis
917 1141 1090 1192 liberis
1139 1141 1293 1193 habet
1331 1142 1456 1193 nihil
1496 1144 1643 1211 perit.
1718 1141 1864 1204 Quod
1902 1151 1956 1193 ut

104 1230 309 1283 eluceat
348 1231 495 1296 (nam
536 1229 756 1292 fuerunt,
798 1227 880 1294 qui
922 1227 1219 1291 negarent),
1248 1225 1539 1279 adscribam
1566 1228 1734 1280 locum
1775 1226 1954 1280 Eccle-

106 1317 422 1369 Siazusarum
462 1332 535 1367 vs.
576 1316 666 1364 21:
709 1311 990 1378 καταλαβεῖν
1030 1308 1204 1378 δ’ἠμᾶς
1243 1312 1394 1382 ἕδρας,

442 1403 497 1456 ἃς
537 1400 818 1470 Φυρόμαχός
856 1396 954 1448 ποτ’
979 1399 1115 1459 εἶπεν,
1157 1400 1194 1448 εἰ
1233 1397 1468 1466 μέμνησθ’
1510 1400 1588 1460 ἔτι,

443 1488 508 1537 δεῖ
547 1489 631 1544 τοίς
670 1487 831 1558 ἑτέρας
869 1505 968 1542 πως
1006 1486 1427 1553 κάγκαθεζομένας
1465 1487 1646 1537 λαθεῖν.

247 1572 420 1627 Potuit
448 1575 820 1643 Aristophanes
848 1573 989 1625 nullo
1029 1589 1209 1625 sensus
1250 1573 1547 1626 discrimine
1575 1572 1884 1642 particulam
1923 1573 1960 1620 εἰ

107 1658 359 1726 omittere,
399 1660 524 1712 satis
552 1666 661 1712 erat
687 1659 980 1728 scripsisse:
1023 1657 1260 1726 μέμνησθ’
1283 1659 1367 1725 ἐτι;
1408 1658 1544 1726 quod
1581 1657 1801 1711 traditur
1846 1673 1958 1710 ver-

106 1742 319 1796 tendum
360 1751 458 1797 est:
498 1744 581 1796 ich
620 1745 809 1797 nehme
857 1762 940 1810 an,
988 1744 1068 1796 ihr
1114 1746 1341 1798 erinnert
1387 1744 1516 1797 euch
1556 1743 1705 1797 noch.
1782 1741 1959 1810 Neque

103 1828 233 1880 illud
260 1830 425 1898 primo
454 1830 633 1882 obtutu
660 1830 786 1882 latet
813 1829 876 1881 de
903 1836 1082 1881 mutua
1119 1831 1466 1883 membrorum
1506 1829 1778 1893 relatione,
1806 1845 1960 1896 quam

107 1920 339 1983 crepant,
379 1916 431 1966 in
470 1915 568 1967 hoc
608 1915 845 1983 exemplo
889 1915 1023 1966 male
1062 1922 1234 1967 actum
1274 1933 1404 1968 esse.
1463 1915 1670 1967 Etenim
1703 1915 1745 1967 si
1772 1929 1960 1982 aequa-

107 1999 356 2051 bilitatem
404 2001 631 2052 nativam
677 2001 957 2053 enuntiatis
1004 1999 1446 2053 condicionalibus
1493 2002 1662 2053 inesse
1707 1999 1960 2063 statuitur,

108 2101 260 2152 quam
282 2084 494 2137 tandem
518 2087 772 2154 apodosin
785 2086 952 2138 verbis
975 2088 1012 2136 εἰ
1033 2085 1345 2153 μέμνησθ’ἐτι
1365 2084 1684 2138 tribuamus?
1706 2083 1959 2153 Equidem

107 2169 234 2222 nihil
280 2170 627 2239 supplendum
675 2188 788 2224 esse
829 2189 1034 2238 censeO,
1080 2172 1231 2225 modo
1277 2181 1547 2225 teneamus
1595 2170 1883 2240 particulae
1928 2171 1966 2220 εἰ

110 2256 372 2308 notionem
412 2273 563 2323 quam
602 2256 852 2309 vertendo
892 2258 1404 2326 circumscripsimus.

250 2340 408 2394 Porro
454 2342 553 2393 huc
599 2342 873 2394 referenda
919 2346 1039 2395 sunt
1085 2343 1353 2395 enuntiata
1391 2341 1787 2409 condicionalia,
1833 2358 1965 2410 quae

111 2426 548 2479 substantivorum
588 2428 698 2479 vice
737 2427 1034 2493 funguntur,
1068 2428 1205 2480 velut

281 2510 435 2581 Vesp.
477 2529 548 2565 VS.
590 2513 692 2563 418
733 2513 770 2562 (ἶ)
810 2514 942 2569 πόλις
980 2514 1056 2563 καὶ
1095 2514 1283 2584 Θεώρου
1323 2514 1639 2584 θεοισεχθρία,

728 2602 796 2650 κεῖ
834 2619 899 2656 τις
939 2601 1090 2656 ἄλλος
1130 2603 1414 2671 προεῦτηκεν
1453 2603 1590 2669 ἡμῶν
1630 2591 1797 2658 κόλαξ.

114 2685 288 2740 Rebus
345 2688 516 2756 priore
580 2705 729 2740 versu
787 2687 1052 2740 advocatis
1111 2688 1242 2740 alter
1298 2705 1476 2740 versus
1534 2686 1682 2740 addit
1734 2687 1965 2739 tertium:

85 2769 90 2775 ’
113 2773 252 2825 urbis
274 2778 643 2826 assentatores.
684 2772 848 2826 Nemo
870 2773 1306 2841 supplementum,
1330 2786 1428 2840 quo
1449 2772 1702 2824 efficiatur
1723 2770 1967 2840 apodosis

115 2859 366 2911 enuntiati
404 2858 794 2924 condicionalis,
823 2858 1152 2911 desiderabit.
1212 2857 1410 2910 Eodem
1438 2857 1592 2910 modo
1620 2857 1967 2910 accusativum

117 2944 383 3013 excipiunt
422 2945 690 2996 enuntiata
729 2943 1108 2996 condicionalia
1145 2944 1198 2994 in
1239 2943 1356 3011 Lys.
1398 2959 1469 2995 vs.
1511 2943 1630 2993 579.

226 3031 324 3081 εἶτα
372 3030 561 3102 (ἐχρῆν)
611 3022 774 3089 Ξαίνειν
823 3030 871 3086 ἐς
920 3030 1212 3079 καλαθίῦκον
1259 3028 1412 3096 κοινὴν
1453 3029 1628 3078 εὔνοιαν
1669 3030 1889 3088 ἅπαντας,

225 3120 586 3186 καταμιγνύντας
624 3119 731 3174 τούς
768 3136 818 3167 τε
858 3118 1095 3184 μετοίκους
1133 3117 1201 3166 κεῖ
1238 3134 1310 3172 τις
1342 3107 1473 3174 'it-{voc
1512 3117 1543 3183 ἢ
1585 3116 1722 3185 φίλος
1762 3114 1878 3182 ὑμῖν,

225 3206 295 3256 κεῖ
333 3224 398 3262 τις
438 3207 613 3276 ὀφείλει
652 3205 719 3275 τῷ
756 3206 984 3273 δημοσίῳ,
1026 3204 1102 3253 καὶ
1140 3204 1328 3259 τούτους
1366 3196 1680 3271 ἐγκαταμῖξαι.

117 3291 258 3346 Ecel.
289 3309 361 3346 VS.
391 3293 509 3345 679.
551 3293 626 3361 (τὸ
667 3293 798 3361 βῆμα
831 3293 1088 3364 χρήσιμον)
1117 3292 1347 3361 ῥαψῳδεῖν
1387 3291 1513 3341 ἔσται
1551 3297 1645 3346 τοῖς
1681 3290 1971 3360 παιδαρίοισιν

557 3379 664 3437 τοὺς
696 3382 929 3452 ἀνδρείους
955 3380 1002 3430 ἐν
1028 3380 1095 3448 τῷ
1121 3379 1331 3447 πολέμῳ,
1359 3379 1428 3428 κεί
1453 3397 1518 3434 τις
1543 3377 1694 3432 δειλὸς
1718 3380 1969 3444 γεγένηται.

1671 3464 1689 3505 1
