2266 3722
934 197 1278 243 -51-

172 335 373 402 ’ἀγαθῶν
411 336 552 387 οὖσαν
591 336 752 396 αἰτίαν,
795 335 963 385 ἐάσατε
988 352 998 362 ·
1022 336 1060 384 εἰ
1098 334 1146 385 δὲ
1187 335 1269 403 μὴ,
1309 341 1499 386 ποιεῖτον
1534 336 1558 385 ὅ
1583 352 1622 385 τι
1660 337 1716 385 ἂν
1754 333 1855 402 ὑμῖν
1893 333 2027 400 δοκῇ.

181 422 419 475 Ceterum
459 439 562 475 non
602 438 701 474 uno
737 429 914 473 tenore
942 421 1098 473 verba
1123 423 1452 489 pronuntiata
1489 438 1604 475 esse
1642 421 1900 486 existimO,
1939 419 2032 474 sed

180 513 298 576 post
343 505 464 574 ὑμᾶς
509 522 626 559 cum
675 521 900 571 congruo
948 506 1132 573 capitis
1184 511 1235 558 et
1279 522 1470 567 manus,
1508 511 1647 558 motu
1695 521 1905 574 parvam
1951 504 2028 557 lo-

181 592 383 660 quendo
445 608 662 662 pausam
726 590 909 643 fecisse
973 595 1217 644 actorem.
1307 591 1587 645 Maioribus
1649 590 2033 645 difficultatibus

179 677 398 730 alterum
438 674 730 729 huiusmodi
769 675 1062 744 exemplum
1103 676 1436 729 obstructum·
1461 683 1559 730 est:

180 761 270 815 Th.
315 780 384 816 vs.
424 763 544 814 536.
585 763 623 812 εἰ
661 759 744 829 μὲν
784 760 862 811 οὖν
901 779 966 817 τις
1005 761 1124 812 ἔστιν
1148 779 1158 790 ·
1183 762 1221 812 εἰ
1257 760 1307 812 δὲ
1346 761 1430 830 μὴ,
1470 762 1606 830 ἡμεῖς

592 848 724 899 αὐταί
761 866 812 916 γε
851 848 927 898 καὶ
963 849 1022 898 τοὶ
1060 849 1283 920 δουλάρια
1319 851 1495 920 τέφραν
1534 847 1678 900 ποθὲν
1716 847 1943 915 λαβοῦσαι

588 937 761 1004 ταύτης
801 936 1159 1005 ἀποψιλώσομεν
1198 937 1275 987 τὸν
1314 942 1486 1008 χοῖρον,
1524 936 1599 986 ἵνα
1637 935 1843 1004 διδαχθῇ

588 1023 701 1092 γυνὴ
740 1029 957 1091 γυναῖκας
995 1023 1111 1075 οὖσα
1151 1024 1217 1093 μὴ
1241 1029 1414 1081 -κακῶς
1451 1024 1599 1092 λέγειν
1639 1023 1690 1073 τὸ
1729 1023 1900 1073 λοιπόν.

180 1105 302 1160 Post
356 1108 767 1179 inexspectatam
812 1109 1072 1179 Euripidis
1120 1110 1493 1177 defensionem,
1550 1109 1823 1162 mulierum
1882 1123 2034 1161 accu-

179 1193 434 1245 sationem
480 1195 663 1261 ingens
703 1196 862 1247 oritur
901 1195 1163 1261 tumultus,
1203 1194 1341 1265 quod
1379 1195 1563 1247 mulier
1600 1194 1873 1247 mulierum
1911 1194 2037 1246 vitia

178 1283 284 1330 tam
312 1284 490 1347 aperte
528 1278 771 1347 detegere
809 1296 937 1333 ausa
963 1281 1041 1333 sit.
1102 1280 1332 1334 Tandem
1360 1279 1544 1332 mulier
1571 1278 1825 1347 quaedam
1853 1279 2038 1344 sociaS,

180 1368 236 1415 ut
279 1364 612 1429 gravissimas
650 1381 845 1434 poenas
884 1381 916 1417 a
953 1365 1355 1419 sceleratissima
1392 1365 1539 1418 hoste
1574 1371 1882 1434 repeterent,
1921 1363 2038 1417 hor-

179 1454 330 1501 tatur.
392 1448 613 1504 Codices
651 1452 704 1503 in
743 1451 999 1519 scriptura
1043 1453 1389 1518 consentiunt,
1435 1451 1533 1503 nisi
1580 1450 1715 1519 quod
1759 1450 2042 1504 scholiasta

180 1532 245 1585 ad
286 1533 342 1586 Il.
373 1536 525 1601 1‚137
565 1553 656 1605 pro
695 1554 761 1592 τις
799 1536 919 1586 ἔστιν
948 1538 1149 1589 inverso
1177 1536 1357 1590 ordine
1396 1535 1490 1586 ἔστι
1527 1553 1593 1592 τις
1631 1536 1850 1604 scripsit.
1911 1533 2039 1588 Cum

181 1618 246 1672 de
274 1619 485 1678 alterius
512 1621 758 1690 apodosis
785 1623 1044 1676 sententia
1081 1621 1304 1675 dubitari
1345 1628 1584 1691 nequeat,
1624 1621 1792 1690 prima
1819 1620 2042 1690 protasis

182 1705 377 1758 nemini
405 1705 573 1759 adhuc
600 1709 725 1761 satis
751 1707 1016 1761 intellecta
1041 1714 1131 1760 est.
1181 1707 1472 1762 Scholiasta
1496 1706 1563 1760 ad
1590 1723 1660 1760 vs.
1683 1707 1785 1757 536
1806 1704 2042 1758 adnotat:

181 1793 565 1864 συντιμωρεῖσθαι
622 1794 759 1845 αὐτὸν
819 1793 1094 1861 βουλόμεναι
1141 1792 1505 1861 (Fritzschiusz
1557 1792 1847 1861 βουλομένη)
1888 1790 2043 1860 ἐπειδὴ

179 1880 249 1932 ἐπὶ
275 1883 456 1950 σκηνῆς
488 1882 612 1944 εἰσιν,
643 1898 741 1950 quo
768 1881 895 1934 nihil
933 1880 1246 1950 proficimus.
1304 1878 1609 1950 Blaydesius
1636 1897 1845 1934 sensum
1873 1878 2042 1932 adhuc

179 1968 451 2022 obscurum
499 1969 574 2022 sic
621 1968 872 2039 explicat:
930 1966 1254 2037 Quapropter
1303 1968 1346 2020 si
1394 1967 1568 2037 aliqua
1610 1967 1702 2020 illa
1747 1973 1827 2021 est
1864 1966 1931 2034 (si
1967 1965 2042 2018 illi

178 2054 339 2106 animi
395 2052 591 2122 aliquid
646 2054 796 2121 inest,
854 2054 898 2107 si
956 2052 1099 2106 fortis
1165 2056 1219 2105 et
1282 2052 1517 2107 animosa
1579 2051 1699 2119 est),
1764 2069 1820 2106 se
1874 2052 2043 2121 ipsam

180 2136 449 2192 defendet:
507 2139 587 2192 sin
634 2139 820 2206 minus,
867 2154 962 2191 nos
1000 2138 1145 2207 ipsae
1183 2143 1235 2190 et
1271 2136 1617 2207 pedissequae
1653 2137 1804 2191 huius
1843 2135 2042 2207 depila-

180 2224 348 2277 bimus
405 2239 645 2276 cunnum.
722 2222 974 2277 Protasim
1034 2222 1101 2275 ad
1159 2221 1534 2277 Mnesilochum
1589 2223 1848 2293 pertinere
1903 2228 2044 2276 recte

178 2308 449 2376 intellegit,
497 2307 590 2362 sed
636 2325 766 2377 quae
815 2308 880 2362 de
925 2308 1244 2377 pronominis
1289 2310 1356 2366 τίς
1400 2325 1495 2363 usu
1541 2307 1833 2378 emphatico
1883 2306 2045 2373 addit,

179 2399 232 2450 in
279 2397 416 2451 hunc
461 2397 631 2451 locum
678 2414 782 2451 non
829 2398 1100 2466 quadrant.
1177 2396 1391 2452 Prorsus
1437 2399 1729 2468 importune
1774 2397 2044 2468 apodosim

180 2483 455 2553 supplevit,
502 2499 619 2537 cum
665 2483 731 2537 de
779 2482 1081 2537 defensione
1136 2482 1442 2537 Mnesilochi
1499 2484 1729 2552 cogitare
1774 2482 2044 2536 mulierum

181 2570 378 2623 nemini
415 2570 470 2622 in
507 2573 739 2623 mentem
767 2569 941 2622 venire
966 2573 1144 2638 posset
1169 2574 1220 2622 et
1257 2569 1370 2638 ipse
1395 2568 1546 2622 huius
1584 2585 1773 2623 scenae
1811 2572 2046 2635 eventuS,

182 2653 540 2709 defensionem
587 2644 894 2710 Mnesilochi
939 2655 992 2707 in
1049 2653 1376 2708 cumulandis
1430 2654 1701 2708 mulierum
1749 2654 2047 2707 criminibus

188 2741 444 2794 contineri
484 2740 818 2794 demonstret.
895 2739 1064 2808 Atque
1108 2738 1383 2809 apodosim
1423 2739 1582 2793 talem
1620 2739 1802 2807 omitti,
1843 2739 2047 2808 qualem

181 2824 489 2896 Blaydesius
534 2826 821 2896 proposuit,
867 2841 1130 2894 nunquam
1179 2826 1233 2878 in
1279 2826 1532 2879 sermonis
1577 2826 1750 2893 graeci
1796 2842 1892 2878 usu
1936 2825 2046 2878 fuit.

185 2910 329 2974 Quae
368 2927 484 2964 cum
523 2912 598 2966 ita
642 2913 763 2979 sint,
808 2911 981 2965 locum
1027 2928 1131 2965 non
1176 2912 1434 2980 integrum
1472 2927 1504 2964 a
1541 2911 1762 2964 librariis
1799 2910 2047 2965 traditum

182 3013 298 3051 esse
355 2996 510 3053 credo
567 2998 780 3066 eiusque
835 2995 1094 3050 medelam
1153 2998 1439 3065 quaesitam
1488 3013 1604 3051 esse
1648 3013 1753 3050 non
1797 2997 2048 3067 improb0.

183 3081 287 3136 Sed
325 3081 536 3136 Velseni
574 3082 836 3136 infelicem
884 3083 1233 3136 coniecturam
1284 3099 1435 3152 quam
1481 3087 1764 3152 praeeunte
1803 3099 1866 3136 ex
1904 3089 2050 3152 parte

185 3166 409 3236 Bergkio
436 3167 714 3222 intextum
740 3169 959 3238 recepit:
1001 3169 1039 3220 εἰ
1077 3167 1160 3237 μὲν
1200 3168 1278 3220 οὖν
1316 3170 1429 3226 τίσις
1466 3169 1534 3226 τίς
1559 3166 1655 3219 ἐστ’
1678 3168 1726 3219 ἐν
1752 3168 1877 3237 ἡμῖν,
1919 3168 2051 3219 αὐταί

182 3274 234 3326 γε
279 3256 356 3307 καὶ
398 3257 458 3308 τὰ
502 3257 725 3328 δουλάρια
772 3257 1132 3327 ἀποψιλώσομεν
1177 3257 1373 3310 reicere
1424 3257 1505 3309 vix
1564 3272 1693 3325 opus
1749 3260 1840 3308 est.
1917 3253 2049 3308 Nam

183 3344 409 3414 primum
447 3343 765 3412 singularem
803 3342 1012 3398 dicendi
1061 3360 1210 3397 usum
1256 3359 1359 3397 non
1405 3341 1767 3412 temptandum
1806 3358 1920 3395 esse
1957 3359 2050 3412 ap-

185 3434 351 3499 paret,
389 3427 580 3482 deinde
617 3444 650 3482 a
686 3426 878 3482 tradita
915 3429 1186 3482 verborum
1225 3428 1478 3498 scriptura
1525 3426 1678 3480 nimis
1724 3425 1878 3494 longe
1923 3426 2052 3481 haec

1742 3508 1798 3553 4·
