2266 3722
1069 134 1382 182 ,2-

442 287 591 350 Quod
629 286 880 353 Bergkius
929 289 982 339 in
1021 287 1341 356 Lysistratae
1390 305 1487 340 vss.
1528 289 1632 340 580
1670 305 1743 356 sq.
1785 289 2158 358 comprobante

300 373 558 426 Meinekio
598 374 847 440 reposuit:
888 374 956 422 κεῖ
993 390 1059 428 τις
1099 365 1236 431 ’ξένος
1274 375 1307 440 ᾖ
1350 374 1494 443 φίλος
1520 373 1637 440 ὑμῖν,
1667 374 1863 427 inutilis
1904 375 2156 427 correctio

299 466 392 526 est,
432 476 548 512 cum
587 467 637 511 et
676 460 813 528 φίλος
852 464 902 510 et
943 452 1075 518 ’ξένος
1112 468 1286 528 aptam
1314 460 1713 529 explicationem
1739 460 1966 513 habeant
1990 476 2157 527 neque

298 545 583 615 particulae
639 547 677 595 εἰ
733 561 847 597 cum
897 546 1223 598 coniunctivo
1281 546 1540 598 rarissime
1595 547 1801 600 iunctae
1858 546 2155 615 exemplum

299 632 594 684 coniectura
648 632 838 684 inferre
894 632 1064 684 liceat.
1140 631 1312 699 Atque
1368 632 1509 684 verbi
1568 633 1872 685 substantivi
1920 631 2155 685 defectus

300 715 536 784 plurimis
562 717 815 784 exemplis
843 718 969 769 satis
997 715 1305 781 defenditur,
1335 733 1363 769 e
1385 717 1585 785 quibus,
1613 718 1656 770 si
1678 719 1807 769 tanti
1835 725 1929 783 est,
1957 717 2152 783 allego:

300 802 450 872 Vesp.
493 820 564 856 vs.
606 805 732 855 892:
774 804 812 852 εἴ
850 821 916 859 τις
957 804 1149 873 θύρασιν
1189 803 1437 870 ἡλιὰς-σὴς,
1479 804 1641 859 sig-[tm.

436 887 744 957 Plerumque
783 890 1074 943 sententiae
1101 891 1354 942 enuntiati
1388 890 1452 942 ab
1493 892 1531 940 εἰ
1567 889 1821 959 particula
1858 890 2154 958 incipientis

298 975 461 1027 altera
486 977 560 1028 ita
587 975 852 1042 adhaeret,
880 983 951 1042 ut,
980 977 1079 1028 nisi
1106 975 1197 1027 illa
1221 992 1530 1044 praegressa
1562 978 1643 1043 sit,
1671 976 1800 1028 haec
1826 992 1930 1028 non
1971 976 2154 1028 valeat.

294 1059 400 1112 lam
442 1078 560 1114 vero
601 1062 643 1113 si
682 1063 946 1129 utriusque
987 1062 1279 1114 sententiae
1305 1062 1559 1115 rationem
1600 1061 1864 1130 explicare
1902 1060 2154 1126 volumus,

296 1147 469 1198 variae
515 1148 737 1215 protasis
784 1153 835 1199 et
891 1146 1135 1215 apodosis
1198 1145 1742 1214 formae'singillatim
1796 1145 2150 1199 recensendae

295 1241 425 1284 sunt.
484 1231 541 1284 In
580 1232 695 1284 aliis
734 1232 913 1285 formis
953 1233 1094 1286 notio
1135 1232 1509 1286 condicionalis
1548 1234 1633 1284 vix
1673 1232 2063 1301 persentiscitur
2101 1240 2155 1284 et

303 1337 469 1389 paene
509 1321 732 1374 causalis
768 1321 839 1388 fit,
879 1322 934 1373 in
972 1321 1086 1374 aliis
1126 1322 1330 1387 integra
1367 1320 1554 1373 evadit.

435 1406 510 1459 Ac
533 1407 756 1475 primum
780 1405 988 1474 quidem
1009 1406 1259 1476 protasim
1284 1405 1565 1458 indicativo
1594 1406 1842 1474 temporis
1863 1405 2153 1474 praesentis

295 1491 481 1543 elatam
523 1493 752 1559 sequitur
790 1491 1035 1560 apodosis
1073 1491 1355 1544 indicativo
1382 1492 1688 1560 praesentis.
1754 1490 2153 1543 Enuntiatorum

290 1577 523 1629 membra
548 1578 620 1629 ita
648 1576 900 1645 disposita
926 1586 1061 1643 sunt,
1088 1584 1143 1629 ut
1167 1578 1220 1629 in
1247 1576 1571 1643 undeviginti
1598 1577 1850 1645 exemplis
1870 1575 2155 1645 praecedat

288 1663 509 1731 protasis
556 1661 789 1731 apodosi‚
835 1664 889 1715 in
936 1662 1232 1731 quindecim
1279 1662 1533 1732 exemplis
1572 1661 1815 1731 apodosis
1855 1662 2154 1731 praeposita

289 1749 353 1800 sit
390 1748 602 1816 protasi.
678 1746 893 1801 Duabus
933 1747 998 1800 de
1038 1749 1209 1801 causis
1236 1749 1433 1817 protasi
1460 1748 1631 1801 locum
1670 1749 1897 1816 priorem
1937 1746 2152 1800 concedi

289 1834 580 1902 exspectari
618 1832 756 1899 licet,
799 1849 1013 1901 quarum
1058 1850 1164 1886 una
1210 1842 1304 1899 est,
1355 1832 1493 1901 quod
1530 1833 1843 1902 principium
1884 1833 2154 1886 cuiusdam

287 1919 362 1971 rei
407 1918 488 1971 vel
534 1918 676 1984 facti,
727 1925 782 1970 ut
819 1926 1005 1970 natura
1052 1919 1193 1986 prius
1242 1924 1335 1981 est,
1375 1919 1448 1970 ita
1494 1919 1648 1970 etiam
1697 1935 1937 1971 sermone
1981 1920 2152 1988 priore

287 2004 401 2056 loco
459 2004 739 2069 significari
796 2012 1204 2056 consentaneum
1261 2009 1362 2071 est3
1421 2004 1600 2070 altera,
1642 2003 1777 2071 quod
1834 2020 1898 2056 ex
1954 2004 2151 2070 origine

289 2090 534 2158 optativa,
593 2089 882 2141 sententiae
940 2089 1287 2142 condicionali
1350 2090 1636 2157 antiquitus
1699 2090 1924 2157 priorem
1978 2089 2150 2143 locum

288 2174 463 2227 deberi
501 2175 610 2225 iure
650 2174 940 2227 statuimus.
1014 2173 1180 2227 Maior
1218 2184 1358 2227 esset
1404 2174 1760 2242 exemplorum
1800 2177 1987 2228 veteris
2025 2192 2150 2229 usus

289 2259 427 2328 apud
453 2259 854 2328 Aristophanem
881 2276 1145 2325 numerus,
1175 2260 1274 2312 nisi
1300 2259 1557 2328 particula
1595 2263 1659 2328 μή
1691 2261 1847 2312 etiam
1875 2262 1928 2321 εἰ,
1959 2270 2148 2330 nempe

285 2347 338 2397 in
377 2347 634 2400 locutione
673 2348 710 2396 εἰ
736 2350 801 2414 μή
844 2355 1024 2413 quater
1063 2343 1148 2413 (N.
1179 2347 1297 2398 327.
1329 2347 1445 2399 660.
1476 2347 1570 2399 Av.
1602 2348 1753 2400 1680.
1786 2347 1990 2401 Thesm.
2018 2349 2145 2416 470)

286 2449 378 2485 suo
417 2434 530 2486 loco
569 2440 766 2485 motum
805 2439 956 2485 esset.

425 2517 743 2586 Quamquam
792 2519 964 2570 variae
1009 2525 1097 2569 aut
1142 2517 1386 2587 apodosis
1435 2519 1576 2572 verbi
1623 2521 1800 2578 omissi
1848 2526 1936 2572 aut
1982 2521 2144 2589 ipsius

287 2603 519 2655 abiectae
539 2603 782 2673 apodosis
802 2603 1014 2669 formae‚
1028 2620 1157 2671 quae
1178 2605 1230 2655 in
1251 2603 1496 2657 diverbiis
1518 2605 1818 2658 comoediae
1837 2607 2142 2675 saepissime

286 2690 527 2741 orationis
568 2690 807 2741 concisae
848 2700 897 2741 et
937 2706 1067 2756 quae
1104 2690 1340 2742 inutilem
1376 2691 1644 2742 verborum
1674 2693 1877 2760 copiam
1906 2691 2144 2760 repudiet

285 2773 605 2838 adhibentur,
653 2774 843 2840 dignae
890 2783 1024 2838 sunt,
1073 2791 1204 2841 quae
1253 2785 1438 2844 postea
1494 2778 1781 2843 separatim
1838 2782 2141 2842 tractentur,

284 2870 455 2909 tamen
521 2859 885 2926 praemonebo‚
952 2859 1325 2911 substantivum
1391 2869 1441 2912 et
1498 2860 1811 2914 adiectivum
1868 2863 2139 2931 praedica-

283 2955 384 2994 tive
423 2960 567 3011 pom:

355 3028 507 3097 Vesp.
538 3046 609 3081 vs.
639 3030 757 3079 956.
795 3032 834 3078 τί
875 3030 952 3079 οὖν
993 3032 1181 3100 ὄφελος.
1225 3033 1301 3080 τὸν
1341 3033 1474 3102 τυρὸν
1515 3034 1553 3081 εἰ
1591 3033 1838 3083 κατεσθίει.

286 3122 338 3166 ct
363 3114 501 3169 Eccl.
530 3133 601 3168 vs.
633 3118 747 3166 644.
791 3119 847 3166 τά
876 3117 959 3182 μὲν
988 3119 1118 3168 ἄλλα
1147 3119 1296 3185 λε’-ἷξες
1323 3118 1452 3170 οὐδὲν
1481 3126 1652 3176 σκαιῶς
1678 3138 1686 3147 ·
1711 3123 1748 3170 εἰ
1775 3120 1823 3171 δὲ
1862 3121 2137 3193 προςελθὼν

1553 3205 1835 3278 Ἐπίκουρος,

788 3293 1170 3362 ἢί;Χευκολόφα;
1212 3300 1396 3344 πάππαν
1438 3313 1495 3360 με
1535 3296 1684 3347 nakel
1715 3295 1959 3365 τοῦτ’ῆόη
1994 3298 2136 3349 ὃεωὸν

1549 3385 1754 3434 ἀκοῦσαμ

2258 701 2266 1044 ss—--—.-m-
