2266 3722
915 205 1260 255 —33-

169 357 320 411 deum
371 359 535 410 visum
594 364 1008 425 recuperaturum
1056 375 1186 424 esse,
1244 360 1502 428 praesenti
1556 359 1869 413 consuetudo
1926 359 2010 413 dei

167 445 428 513 persanati
469 442 775 511 depingitur.
851 441 987 495 Inter
1034 444 1293 511 utriusque
1341 446 1586 514 temporis
1632 446 2008 498 coniunctivum

169 545 283 581 cum
330 527 532 580 facilius
580 526 702 594 quid
747 528 946 580 intersit
996 535 1350 595 cognoscatur,
1398 531 1439 582 si
1496 529 1724 582 eiusdem
1772 530 1911 582 verbi
1959 535 2012 583 et

168 613 342 667 aoristi
364 617 415 664 et
434 612 717 680 praesentis
739 612 1032 680 exemplum
1061 617 1247 680 exstat,
1270 630 1332 666 ex
1353 614 1712 683 Aristophanis
1732 613 2012 668 comoediis

168 704 366 767 septem
431 696 684 750 eiusmodi
747 697 986 766 exempla
1060 698 1261 765 collegi,
1324 702 1453 766 quae
1528 716 1665 752 nunc
1738 700 2011 768 proferam.

169 781 398 835 Primum
438 786 540 845 est3

169 866 230 920 V.
271 884 341 920 VS.
382 867 501 918 539.
540 867 580 916 τί
618 867 704 937 γάρ
745 864 864 937 φάθ’
906 865 1046 933 ὑμεῖς,
1089 868 1146 935 ἢν
1186 868 1250 917 ὁδί
1291 887 1347 935 με
1386 876 1452 937 τῷ
1489 869 1616 937 λόγῳ
1656 872 1898 940 κρατήσῃς

239 970 313 1006 VS.
356 956 506 1007 1514.
547 953 601 1004 σὺ
640 953 690 1004 δέ
733 956 885 1006 1515.
927 955 1085 1022 ἅλμην
1125 955 1242 1004 κύκα
1280 956 1512 1017 τούτοισιν,
1554 958 1612 1024 ἢν
1651 956 1741 1024 ἐγω
1780 963 1950 1027 κρατῶ.

168 1038 235 1092 Et
290 1039 374 1093 hic
429 1046 480 1093 et
534 1040 639 1092 illic
685 1041 900 1093 victoria
954 1041 1018 1093 ab
1065 1040 1359 1095 adversario
1400 1047 1540 1096 certo
1581 1043 1892 1113 reportanda
1936 1045 2014 1096 in-

168 1125 432 1192 tellegitur
464 1142 645 1193 neque,
681 1125 938 1193 quomodo
967 1125 1169 1179 differat
1197 1129 1461 1196 utriusque
1489 1129 1732 1183 victoriae
1762 1129 2015 1196 condicio,

169 1210 335 1264 video.
409 1209 657 1264 Eiusdem
699 1210 999 1264 comoediae
1038 1212 1255 1265 alterum
1296 1213 1590 1282 exemplum
1629 1214 1850 1268 traditur

170 1313 245 1350 VS.
285 1296 402 1348 684.
444 1297 515 1347 σοὶ
553 1295 672 1365 δ’ἤν
710 1316 775 1353 τις
812 1298 879 1366 δῷ
917 1296 1022 1354 τοὺς
1059 1305 1179 1369 τρεῖς
1220 1298 1430 1366 ὀβολοὺς,
1474 1300 1668 1367 ἀγαπᾷς.

169 1399 242 1438 VS.
284 1383 400 1436 693.
440 1384 498 1452 ἤν
536 1386 603 1440 τίς
639 1403 679 1434 τι
717 1385 824 1454 διδῷ
861 1391 953 1435 τῶν
980 1389 1256 1456 φευγόντων,
1287 1378 1505 1445 ’ξυνθέντε
1530 1388 1580 1437 τὸ
1607 1396 1793 1459 πρᾶγμα
1819 1387 1886 1439 δύ’
1910 1389 2010 1439 ὄντε

440 1471 794 1524 ἐσπουδάκατον.

172 1557 518 1612 Ρ1111001601115
559 1566 609 1612 et
653 1559 1059 1612 adversariorum
1106 1559 1379 1613 adulatorii
1423 1577 1591 1614 mores
1644 1560 2015 1615 describuntur.

171 1641 285 1696 Non
322 1650 494 1713 potest
531 1645 749 1698 aoristus
790 1644 855 1697 de
893 1662 947 1698 re
987 1645 1149 1698 semel
1175 1645 1316 1698 facta
1341 1647 1505 1715 accipi
1532 1650 1746 1716 propter
1770 1664 2017 1716 praesens

173 1728 463 1798 adpositum
492 1730 673 1799 ἀγαπᾷς
700 1735 751 1782 et
775 1731 887 1800 ipse
910 1747 1134 1784 conexus
1157 1729 1291 1784 hanc
1317 1732 1793 1801 interpretationem
1822 1734 2016 1786 evertit.

173 1815 345 1870 Etiam
373 1816 470 1870 hoc
495 1817 609 1871 loco
638 1818 947 1871 coniunctivi
986 1819 1092 1888 διδῷ
1120 1824 1170 1870 et
1206 1818 1272 1888 δῷ
1304 1835 1457 1888 pares
1485 1825 1603 1871 sunt
1628 1819 2018 1885 significatione.

172 1903 382 1957 Rectius
410 1903 694 1958 Hermanni
722 1904 969 1972 definitio,
999 1922 1247 1974 praesens
1274 1922 1383 1959 rem
1411 1904 1682 1959 durantem
1709 1906 1790 1959 vel
1815 1907 2020 1976 saepius

173 1990 463 2060 repetitam,
503 1991 723 2044 aoristus
763 2007 869 2043 rem
912 1990 1199 2044 absolutam
1239 1999 1326 2043 aut
1363 1991 1524 2044 semel
1562 1991 1749 2044 factam
1790 1992 2021 2045 indicare

172 2076 407 2145 usurpari
443 2080 617 2146 potest
658 2075 722 2128 de
760 2075 839 2128 his
878 2076 1134 2129 versibus:

246 2160 376 2215 Nub.
419 2178 488 2215 VS.
518 2162 637 2214 501.
679 2163 736 2230 ἢν
777 2161 1001 2230 ἐπιμελὴς
1040 2162 1077 2212 ὧ
1117 2162 1193 2212 καὶ
1229 2163 1483 2233 προθύμως
1521 2163 1765 2229 μανθάνω,

677 2253 743 2318 τῷ
781 2254 872 2299 τῶν
913 2249 1143 2316 μαθητῶν
1183 2249 1393 2320 ἐμφερὴς
1430 2253 1706 2317 γενήσομαι;

312 2336 370 2388 V.
411 2353 485 2389 VS.
515 2337 634 2387 514.
676 2335 788 2386 ἀλλ’
811 2336 890 2386 ἐάν
931 2341 1065 2404 σιγῶν
1107 2339 1291 2406 ἀνάσχῃ
1332 2336 1408 2386 καὶ
1447 2337 1610 2404 μάθῃς
1650 2335 1747 2405 ἁγὼ
1787 2338 1927 2405 λέγω,

678 2414 961 2483 ἀναδιδάξειν
1011 2424 1161 2491 οἴομαί
1210 2421 1253 2473 σ’
1277 2423 1342 2479 ὡς
1380 2428 1528 2473 πάντα
1567 2421 1704 2474 ταῦθ’
1728 2426 2019 2495 ἁμαρτάνεις.

172 2527 286 2565 011111
319 2509 642 2580 Strepsiades
682 2527 882 2578 quaque
921 2511 1194 2563 occasione
1233 2509 1408 2563 oblata
1446 2516 1497 2563 et
1523 2510 1693 2578 quoad
1719 2512 1771 2564 in
1799 2511 2023 2565 Socratis

173 2595 448 2666 disciplina
485 2596 566 2660 sit,
595 2594 897 2662 diligentem
924 2612 980 2648 se
1007 2595 1232 2647 futurum
1260 2611 1375 2648 esse
1395 2595 1717 2664 polliceatur,
1745 2595 2024 2666 Bdelycleo

179 2697 299 2734 vero
339 2679 657 2733 audientiam
697 2681 791 2733 sibi
832 2680 987 2733 tribui
1017 2680 1144 2733 velit
1179 2686 1234 2733 ut
1270 2681 1432 2749 patris
1461 2681 1729 2734 stultitiam
1768 2680 2023 2735 ostendat.

180 2765 310 2820 Rem
368 2765 531 2820 semel
586 2765 879 2818 faciendam
926 2766 1251 2819 coniunctivo
1299 2770 1353 2819 et
1407 2767 1584 2819 aoristi
1641 2775 1693 2820 et
1734 2768 2027 2837 praesentis

176 2851 455 2919 significari
495 2855 714 2920 apparet
750 2851 803 2903 in
842 2852 1045 2917 Avium,

344 2953 416 2990 vs.
456 2938 540 2988 53.
581 2937 805 3004 εἰσόμεθα
843 2935 884 2987 δ’
909 2936 1071 2998 αὐτίκ’,
1113 2938 1170 3005 ἢν
1209 2940 1475 3005 ποιήσωμεν
1516 2940 1679 3008 ψόφον.

345 3041 416 3078 VS.
456 3025 573 3076 977.
613 3024 704 3092 κήν
745 3023 827 3092 μὲν
871 3065 879 3074 .
926 3066 934 3075 .
981 3066 989 3075 .
1031 3024 1167 3091 ποιῃς
1205 3021 1342 3075 ταῦθ’
1385 3025 1451 3082 ως
1490 3025 1736 3088 ἐπιτέλλω,

683 3113 833 3169 αἰετὸς
871 3113 919 3162 έν
957 3113 1184 3182 νεφέλῃσι
1221 3115 1449 3181 γενήσεαι.

179 3197 547 3251 Coniunctivus
585 3199 639 3250 in
678 3199 886 3252 oraculo
912 3197 1086 3267 lepide
1111 3198 1229 3251 ficto
1258 3215 1319 3251 eo
1346 3200 1512 3266 magis
1539 3199 2030 3254 animadvertendus

177 3293 271 3350 est,
304 3298 418 3336 cum
448 3283 814 3352 subsequatur:
855 3286 901 3334 αἱ
939 3285 989 3334 δέ
1028 3303 1079 3334 κε
1119 3283 1184 3352 μὴ
1225 3284 1332 3355 δῷς,
1374 3285 1456 3336 οὐκ
1495 3286 1586 3337 ἔσει
1624 3287 1726 3337 κτλ.
1790 3286 2030 3341 Adnecto

175 3369 376 3439 reliqua
435 3370 536 3423 tria
596 3371 860 3440 exempla,
923 3371 977 3423 in
1039 3371 1222 3438 quibus
1283 3372 1535 3441 numquid
1596 3373 1820 3440 intersit,
1877 3388 2030 3426 nemo

179 3472 283 3510 non
321 3455 500 3509 sentit:

1725 3544 1752 3587 3
