2266 3722
994 170 1335 221 *30-

241 343 289 387 ot
326 335 518 386 liberae
560 331 749 382 dicant.
812 327 987 395 Neque
1017 326 1218 388 iniuria,
1248 324 1288 375 si
1318 324 1571 375 sermonis
1600 339 1745 373 usum
1773 320 2096 389 respicimus,

241 423 315 472 sic
363 425 605 470 statuunt.
683 414 895 466 Duobus
941 412 1070 464 locis
1129 409 1396 462 enuntiato
1454 407 1596 458 tinali
1656 407 1921 459 subiectae
1978 409 2101 457 sunt

242 504 573 558 condiciones
613 500 694 568 (R.
727 499 826 552 108
861 497 977 566 Lys.
1011 494 1152 562 753).
1230 493 1449 561 Saepius
1492 509 1555 543 ex
1595 493 1829 544 oratione
1866 497 2100 559 tempore

240 590 481 643 historico
520 586 721 656 prolata
767 580 1149 637 condicionalia
1194 579 1461 631 enuntiata
1508 576 1753 647 pendent,
1794 576 1934 629 velut
1970 575 2100 643 Equ.

241 694 312 730 vs.
345 676 461 726 660.
489 672 630 726 Eccl.
662 672 776 722 193.
835 668 999 731 Quam
1026 665 1314 736 particulae
1355 666 1391 714 εἰ
1430 680 1472 715 c.
1503 664 1732 732 optativo
1774 668 2102 715 constructae

241 779 450 816 causam
513 761 564 811 in
629 758 707 810 his
778 755 1056 809 enuntiatis
1128 758 1434 821 posuerunt,
1493 750 1721 802 maxime
1777 754 1989 817 propter
2046 750 2101 797 ἄν

242 851 294 902 in
349 846 565 917 apodosi
625 842 976 896 desideratum
1034 846 1302 907 acceptam
1364 853 1479 889 esse
1545 836 1801 888 existimo.
1899 834 2003 887 Sed
2059 835 2102 887 si

242 933 455 1004 optativi
496 933 597 983 vim
639 939 688 982 et
727 935 963 980 naturam
1009 930 1148 977 recte
1200 922 1602 988 designavimus,
1654 920 1801 973 nobis
1849 937 1951 973 non
1998 921 2103 972 iam

242 1037 370 1089 opus
417 1023 499 1071 est
542 1016 633 1068 illa
677 1012 948 1066 modorum
993 1010 1394 1080 permutatione.
1472 1006 1601 1059 Cum
1658 1022 1765 1058 rem
1825 1013 1998 1057 mente
2055 1012 2107 1058 et

246 1105 556 1172 cogitatione
595 1102 842 1168 agitatam
883 1113 997 1151 esse
1035 1097 1089 1148 in
1126 1103 1361 1164 tempore
1401 1093 1680 1162 praeterito
1721 1098 1896 1143 narret
1934 1091 1978 1143 is
2018 1091 2104 1159 qui

243 1191 480 1258 loquitur,
521 1186 803 1257 optativum
845 1200 938 1237 sua
976 1189 1027 1236 et
1065 1181 1275 1251 propria
1314 1180 1361 1231 vi
1401 1177 1628 1231 adhibet.

1004 1335 1336 1349 f‘s-*-”-'-*‹'-‹Vs-‘v'v

244 1467 342 1531 111.
409 1465 732 1529 Enuntiata
789 1461 1239 1534 condicionalia‚
1289 1478 1440 1539 quae
1489 1472 1568 1521 {oe-2
1618 1456 1922 1537 particula
1977 1475 2107 1520 cum

654 1563 1032 1627 coniunctivo
1079 1562 1286 1628 iuncta
1330 1562 1687 1623 formantur.

390 1708 754 1760 Coniunctivus
784 1715 864 1758 est
888 1702 1070 1756 modus
1094 1702 1374 1755 voluntatis
1398 1719 1513 1770 quo,
1536 1702 1577 1754 si
1601 1700 1722 1769 quid
1743 1702 1852 1753 iieri
1874 1701 2110 1753 iubemus

249 1808 336 1848 aut.
375 1808 610 1863 optamus
659 1793 863 1855 saltem,
904 1791 1107 1842 utimur.
1184 1786 1501 1840 Particulam
1543 1789 1580 1838 ei
1619 1805 1735 1840 cum
1783 1787 2110 1840 coniunctivo

250 1891 593 1935 constructam
636 1878 855 1931 eandem
886 1876 1199 1929 coniunctivi
1239 1876 1502 1928 notionem
1531 1876 1754 1928 retinere
1781 1891 1845 1926 ex
1873 1875 1951 1939 iis,
1979 1889 2111 1941 quae

250 1978 544 2035 sequuntur,
596 1964 882 2034 apparebit.
958 1961 1084 2014 Inde
1131 1961 1195 2014 ab
1243 1960 1455 2014 Homeri
1500 1961 1820 2030 temporibus
1858 1959 2114 2029 particula

250 2056 286 2104 εἰ
325 2069 425 2105 non
468 2068 608 2103 mera
648 2067 761 2102 cum
804 2049 1129 2102 coniunctim
1167 2048 1412 2114 iungitur,
1454 2046 1546 2100 sed
1584 2047 1868 2100 maximam
1909 2053 2107 2114 partem
2186 2033 2190 2036 ⁴

251 2159 365 2192 cum
405 2139 659 2210 particula
697 2141 750 2187 ἄν
792 2137 1105 2190 consociata.
1167 2136 1337 2203 Atque
1365 2142 1474 2188 tam
1503 2135 1653 2187 firma
1679 2133 1809 2186 haec
1849 2134 2112 2200 utriusque

251 2227 479 2279 vocabuli
522 2235 775 2278 structura
803 2226 939 2276 facta
967 2230 1060 2288 est,
1087 2231 1142 2273 ut
1182 2238 1245 2273 ex
1286 2223 1323 2271 εἰ
1362 2231 1412 2273 et
1450 2225 1504 2271 ἀν
1545 2226 1930 2286 coagmentata,
1982 2235 2115 2271 nova

251 2313 495 2366 evaderet
536 2313 789 2365 sermonis
822 2309 1008 2363 Graeci
1050 2325 1146 2360 vox
1187 2308 1282 2358 ἐάν.
1361 2308 1464 2361 Sed
1505 2325 1621 2360 cum
1662 2306 1801 2376 apud
1829 2305 2110 2359 Homerum

252 2402 416 2454 forma
454 2401 533 2450 ἐὰν
573 2416 843 2467 nusquam,
886 2414 1092 2465 semper
1131 2407 1218 2448 aut
1258 2397 1423 2449 forma
1462 2404 1729 2448 contracta
1767 2397 1825 2462 ἦν
1853 2403 1942 2446 aut
1977 2396 2014 2444 εἰ
2041 2397 2111 2454 ἄν,

252 2491 289 2539 εἴ
338 2508 388 2538 κε
438 2487 581 2553 (αἴκε)
631 2487 830 2553 legatur
888 2483 1027 2553 apud
1085 2484 1364 2552 scriptores
1412 2484 1598 2535 atticos
1646 2484 1726 2532 ἐάν
1776 2492 1826 2534 et
1870 2483 1928 2550 ἦν
1976 2482 2115 2534 nullo

254 2576 552 2628 discrimine
582 2575 849 2637 habentur,
879 2572 1061 2640 quibus
1103 2579 1285 2638 quarto
1327 2588 1371 2623 a.
1415 2570 1471 2623 C.
1513 2589 1559 2622 n.
1603 2570 1811 2622 saeculo
1850 2570 2016 2621 forma
2057 2571 2112 2618 ἄν

254 2665 486 2715 accessit.
529 2662 636 2714 Etsi
661 2677 939 2729 quamnam
962 2660 1179 2711 formam
1203 2660 1481 2727 scriptores
1499 2659 1647 2711 attici
1660 2657 2118 2709 autadamaverint

258 2760 344 2801 aut
382 2748 671 2816 respuerint
698 2746 920 2798 editores
948 2753 998 2797 et
1024 2745 1351 2811 grammatici
1379 2743 1631 2797 adnotare
1659 2744 1901 2796 omittunt
1928 2754 1978 2795 et
2006 2760 2114 2795 rem

253 2834 379 2886 levis
426 2834 671 2885 momenti
721 2849 833 2884 esse
881 2830 1033 2883 facile
1081 2830 1329 2896 concedo,
1376 2838 1552 2882 tamen
1600 2846 1665 2881 ne
1722 2829 1851 2881 tales
1910 2827 2116 2896 quidem

257 2921 500 2971 minutias
528 2918 794 2984 indagare,
823 2918 864 2970 is
893 2918 976 2985 qui
1005 2916 1070 2969 de
1098 2918 1337 2969 universa
1364 2916 1620 2969 sermonis
1647 2915 1822 2967 indole
1851 2915 2118 2983 scriptoris

258 3005 525 3057 cuiusdam
573 3004 801 3070 inquirit,
849 3003 1240 3072 praetermittet.
1324 3000 1380 3054 In
1431 3001 1793 3070 Aristophanis
1852 2999 2117 3052 codicibus

258 3098 460 3158 praeter
510 3090 589 3139 ἐὰν
638 3097 689 3140 et
726 3090 783 3155 ἦν
829 3089 1158 3156 paucissimis
1204 3088 1333 3140 locis
1382 3090 1437 3138 ἄν
1483 3086 1650 3139 forma
1697 3086 1930 3151 habetur,
1982 3086 2118 3138 velut

260 3178 350 3227 Ar.
392 3194 463 3229 vs.
505 3177 571 3226 53
614 3174 735 3243 Lys.
776 3192 849 3227 vs.
890 3175 1008 3226 901.
1051 3176 1168 3227 902.
1211 3174 1413 3227 Thesm.
1459 3191 1531 3226 vs.
1576 3175 1692 3236 154,
1735 3189 1887 3239 quam
1929 3171 2118 3224 adsen-

260 3262 487 3314 tentibus
527 3261 761 3313 omnibus
801 3259 1085 3313 editoribus
1113 3259 1410 3313 Dindortius
1439 3259 1754 3326 exstirpavit.
1814 3256 2118 3310 Emendatis

264 3345 341 3398 his
379 3346 507 3398 locis
545 3344 683 3414 apud
711 3344 1108 3413 Aristophanem
1151 3344 1376 3397 ducenta
1415 3343 1769 3409 duodeviginti
1799 3341 2041 3411 exempla
2066 3342 2119 3394 in

263 3430 441 3497 quibus
484 3429 736 3499 particula
775 3430 832 3496 ἦν
871 3436 1146 3498 usurpatur
1185 3435 1406 3495 exstant,
1437 3427 1850 3494 undesexaginta
1878 3427 2120 3496 exempla
