2266 3722
896 174 1241 222 -45-

146 338 312 391 neque
358 324 664 389 criticorum,
713 341 838 391 quos
886 327 1159 393 nominavi,
1208 328 1416 380 inventa
1460 326 1583 378 mihi
1636 326 1859 379 arridere
1898 344 1986 380 ne-

144 408 388 474 gaverim.

285 491 607 559 Singularem
646 494 928 562 particulae
968 497 1005 546 εῖ
1043 496 1160 562 vim,
1201 513 1351 564 quam
1393 498 1674 565 pristinam,
1714 514 1828 550 esse
1868 514 1987 550 cen-

145 594 333 644 semuS,
373 595 475 632 non
514 579 677 632 solum
718 581 770 632 in
798 583 1267 651 comparationibus
1295 583 1705 637 animadvertere
1732 584 1868 649 licet,
1897 583 1989 636 sed

144 663 299 715 etiam
336 664 387 714 in
429 665 613 718 ceteris
660 664 890 718 eiusdem
928 667 1211 735 particulae
1257 669 1367 720 sine
1414 669 1565 720 verbo
1611 668 1751 720 finito
1790 670 1988 736 positae

143 747 412 816 exemplis,
454 766 582 816 quae
622 766 758 802 nunc
797 767 1066 804 recensere
1103 754 1155 804 in
1195 753 1367 805 animo
1405 752 1668 805 habemus.
1727 751 1836 805 Uno
1875 754 1986 806 loco

141 831 236 884 οὐδ’
276 834 314 883 εἰ
352 833 533 887 eodem
574 834 726 888 modo
767 852 864 903 quo
905 836 969 892 ὡς
1008 839 1045 886 εἰ
1084 836 1445 905 explicandum
1485 838 1752 906 usurpavit
1789 838 1987 891 Aristo-

142 919 341 990 phanes
378 922 430 973 in
470 920 529 973 V.
571 938 639 973 vs.
682 922 802 973 353.
847 928 997 974 πάντα
1044 926 1301 993 πέφαρκται
1346 924 1457 974 κούκ
1503 925 1621 974 ἐστιν
1662 924 1778 992 ὀπῆς
1817 925 1911 975 οὐδ’
1952 927 1989 975 εἰ

848 1012 1007 1082 σέρφῳ
1047 1012 1261 1061 διαδῦναι.

143 1094 433 1148 Meinekius
472 1094 620 1148 huius
659 1112 797 1162 usuS‚
838 1114 987 1164 quem
1028 1097 1168 1166 apud
1205 1099 1568 1165 grammaticos
1614 1098 1799 1150 frustra
1832 1116 1987 1166 quae-

140 1181 338 1246 siveris,
377 1181 593 1233 alterum
633 1181 926 1250 exemplum
967 1183 1226 1236 detexisse
1265 1184 1359 1236 sibi
1400 1184 1536 1235 visus
1574 1190 1652 1236 est
1678 1184 1728 1235 in
1757 1183 1987 1236 eiusdem

140 1265 441 1318 comoediae
479 1281 550 1318 vs.
595 1267 745 1317 1223.

140 1350 200 1403 V.
240 1368 315 1404 VS.
357 1352 508 1402 1222.
548 1351 721 1408 τούτοις
760 1343 907 1412 Ξυνων
946 1355 1003 1403 τοὶ
1043 1354 1191 1404 mustus
1231 1355 1356 1410 ὅπως
1394 1345 1511 1412 δέξει
1550 1355 1724 1410 καλῶς.

378 1436 508 1490 Phil.
548 1438 756 1506 ἄληθες;
799 1439 865 1496 ως
904 1440 1048 1497 οὐδείς
1085 1460 1135 1508 γε
1175 1442 1397 1512 Διακρίων
1437 1433 1680 1500 δεδέξεται.

139 1515 369 1584 δεδείξεται
415 1541 478 1577 ex
523 1524 835 1591 glossemate
881 1527 1078 1580 illatum
1119 1544 1234 1581 esse
1272 1527 1537 1580 Dobraeus
1577 1532 1777 1592 censet3
1834 1528 1987 1594 vulgo

141 1613 391 1666 scribunt:
440 1613 506 1669 ὡς
552 1612 698 1670 οὐδεὶς
743 1616 965 1686 Διακρίων
1011 1606 1203 1674 δέξεται.
1266 1614 1458 1668 Omnes
1505 1615 1610 1667 fere
1660 1614 1723 1668 de
1768 1614 1988 1668 Diacriis

140 1701 402 1769 accipiunt
439 1702 582 1769 quasi
622 1700 673 1753 hi
712 1701 987 1755 scoliorum
1027 1700 1399 1755 cantandorum
1436 1718 1560 1770 prae
1610 1703 1792 1754 ceteris
1839 1703 1988 1770 periti

139 1784 341 1838 fuerint.
401 1784 668 1848 Quodcum
704 1787 1078 1855 incompertum
1117 1786 1414 1853 habeamus,
1453 1786 1767 1840 Meinekius:
1817 1785 1910 1837 οὐδ’
1952 1789 1990 1838 εἰ

140 1874 362 1945 Διακρίων
401 1865 578 1933 δέξεται
617 1873 945 1927 scribendum
986 1890 1099 1927 esse
1138 1874 1340 1941 conicit,
1381 1874 1515 1942 quod
1552 1874 1773 1928 hominis
1800 1891 1989 1928 nomen

140 1960 298 2014 fuisse
335 1964 484 2030 putat
509 1961 636 2014 scite
663 1959 824 2013 scolia
849 1961 1122 2013 cantantis.
1181 1959 1284 2013 Sed
1310 1965 1368 2014 ut
1393 1962 1645 2014 sermonis
1673 1961 1987 2028 elegantiam

140 2047 432 2099 restitutam
490 2063 605 2099 esse
661 2044 1010 2112 concedimus,
1067 2046 1140 2098 ita
1195 2046 1414 2099 eandem
1460 2062 1670 2099 manere
1717 2048 1987 2100 verborum

139 2131 505 2185 obscuritatem
551 2132 729 2198 ignoto
781 2130 989 2184 homine
1027 2136 1233 2199 recepto
1272 2131 1507 2184 fatemur.
1583 2131 1712 2185 Cum
1751 2133 1991 2199 negativa

138 2217 304 2270 forma
341 2215 433 2268 οὐδ’
475 2217 514 2267 εἰ
548 2217 601 2268 in
640 2233 736 2269 usu
773 2215 928 2269 fuisse
968 2222 1233 2285 appareat,
1273 2215 1552 2270 admodum
1585 2217 1820 2270 mirabile
1847 2217 1989 2270 vide-

139 2310 236 2372 tur,
282 2303 418 2372 quod
462 2303 683 2373 positiva
725 2302 802 2352 καὶ
858 2303 896 2352 εἰ
950 2319 1116 2370 neque
1169 2302 1307 2372 apud
1364 2303 1765 2373 Aristophanem
1823 2322 1989 2373 neque

140 2391 279 2463 apud
316 2392 476 2444 ullum
517 2392 820 2460 scriptorem
868 2391 1009 2459 (nam
1056 2392 1109 2443 in
1148 2390 1506 2461 Xenophontis
1546 2391 1834 2447 Comment.
1874 2395 1988 2448 libr.

138 2480 190 2545 4,
212 2480 259 2545 1,
283 2480 310 2528 1
351 2477 557 2531 codices
586 2476 808 2543 variant)
837 2483 976 2528 certe
1001 2475 1235 2529 traditur.
1295 2476 1397 2529 Sed
1433 2494 1526 2546 pro
1564 2479 1640 2528 καὶ
1678 2480 1717 2529 εἰ
1754 2485 1991 2548 quattuor

139 2564 266 2618 locis
303 2561 698 2632 Aristophaneis
736 2562 813 2612 καὶ
851 2561 930 2611 έαν
969 2563 1075 2615 sive
1122 2564 1207 2612 κᾶν
1256 2564 1367 2616 sine
1415 2564 1568 2617 verbo
1611 2564 1754 2619 finito
1792 2567 1988 2620 inveni:

141 2650 266 2707 Ach.
308 2667 380 2704 vs.
422 2650 573 2702 1021.
613 2651 843 2720 μέτρησον
883 2650 1068 2719 εἰρήνης
1106 2651 1146 2699 τί
1185 2669 1273 2717 μοι,
1314 2652 1399 2700 κᾶν
1437 2648 1560 2700 πέντ’
1601 2650 1699 2720 ἔτη.

283 2737 341 2790 V.
382 2754 451 2791 vs.
491 2738 574 2788 92.
613 2737 671 2805 ἢν
710 2734 750 2786 δ’
774 2736 850 2786 οὖν
890 2737 1136 2804 καταμύσῃ
1177 2739 1261 2787 κᾶν
1301 2739 1465 2807 ἄχνην,
1507 2739 1634 2805 ὅμως
1673 2739 1764 2790 ἐκεῖ

617 2824 640 2873 ὁ
678 2829 784 2880 νοῦς
820 2825 1014 2873 πέτεται.

140 2911 198 2964 L.
238 2929 310 2966 VS.
351 2911 468 2963 671.
508 2911 547 2962 εἰ
582 2912 669 2982 γάρ
709 2911 895 2961 ἐνδώσει
933 2929 997 2967 τις
1035 2912 1171 2979 ἡμῶν
1210 2912 1359 2968 ταῖςδε
1398 2914 1483 2961 κᾶν
1523 2915 1718 2984 σμικράν
1756 2915 1927 2983 λαβὴν,

511 2997 640 3049 οὐδέν
679 2998 968 3067 ἐλλείψουσιν
1007 2998 1108 3048 κτλ·

139 3083 214 3137 Pl.
243 3101 314 3138 vs.
346 3086 461 3138 124.
507 3087 586 3136 οἴει
622 3087 709 3157 γάρ
749 3086 858 3136 εἶναι
897 3085 981 3153 τὴν
1021 3085 1124 3141 Διὸς
1161 3085 1402 3155 τυραννίδα

510 3173 585 3223 καὶ
622 3173 728 3230 τούς
765 3172 1014 3244 κεραυνοὺς
1053 3165 1207 3232 ἀξίους
1245 3171 1513 3243 τριωβόλου,

509 3261 590 3312 ἐὰν
630 3260 904 3331 ἀναβλέψῃς
944 3259 998 3311 σὺ
1037 3263 1125 3311 κᾶν
1165 3260 1322 3331 μικρὸν
1360 3263 1551 3332 χρόνον;

141 3343 479 3400 Grammatici
534 3365 627 3402 suo
684 3364 828 3401 more
884 3348 1123 3418 exempla
1178 3348 1318 3401 varie
1374 3348 1793 3416 interpretantur,
1850 3347 1990 3402 velut

139 3428 449 3486 Matthiaeus
506 3433 580 3503 (p.
625 3433 782 3501 1484)
841 3450 1040 3487 versum
1098 3433 1231 3486 Pluti
1288 3434 1361 3487 sic
1417 3433 1623 3502 plenum
1681 3449 1796 3486 esse
1842 3434 1987 3488 dicit:
