2266 3722
673 417 763 481 VI.
836 417 916 482 De
963 416 1193 498 protasi
1238 415 1626 496 paratactica.

364 571 748 624 Sententiarum
806 569 941 620 inter
998 583 1054 619 se
1101 564 1578 632 coniungendarum
1638 564 1889 616 rationem
1949 563 2082 615 anti-

222 659 469 728 quissima
489 654 741 709 sermonis
758 658 929 705 aetate
942 668 1055 705 eam
1071 651 1248 714 fuisse,
1262 656 1317 702 ut
1338 667 1438 703 non
1464 649 1748 701 enuntiatio
1772 646 2086 700 secundaria

222 743 497 814 primariae
544 740 942 805 subiungeretur
987 735 1079 789 sed
1126 734 1262 788 duae
1306 735 1586 804 primariae
1633 734 2084 799 coniungerentur,

221 831 356 882 inter
394 843 574 880 omnes
615 829 832 878 constat.
908 821 1088 890 Itaque
1136 822 1289 873 etiam
1338 819 1709 872 sententiarum
1751 817 2084 871 condiciona-

220 916 342 968 lium
390 912 652 982 propriam
699 909 802 960 vim
847 925 909 961 ac
955 914 1192 960 naturam
1238 924 1301 959 ex
1357 906 1640 958 enuntiatis
1697 904 1940 974 optativis
1993 921 2087 974 per

221 1019 276 1053 se
314 996 713 1052 subsistentibus
751 992 1037 1063 profectam
1085 1008 1200 1044 esse
1239 991 1386 1043 nobis
1429 1006 1732 1059 persuasum
1774 996 1868 1054 est,
1919 1006 2088 1058 neque

223 1084 361 1155 apud
390 1080 788 1151 Aristophanem
815 1094 1025 1148 prorsus
1053 1077 1240 1130 veteris
1269 1082 1435 1129 status
1463 1076 1765 1128 memoriam
1796 1076 2086 1141 evanuisse,

222 1187 378 1240 supra
418 1167 658 1220 vidimus.
732 1163 835 1217 Sed
874 1168 1079 1233 praeter
1125 1161 1221 1215 hoc
1260 1162 1612 1231 paratacticae
1659 1162 1881 1230 protasis
1920 1178 2086 1228 genus

201 1256 361 1326 ³apud
406 1254 684 1322 scriptores
722 1249 862 1302 aliud
909 1248 1183 1313 invenitur,
1225 1264 1322 1316 quo
1372 1247 1715 1312 enuntiatum,
1756 1245 1892 1315 quod
1938 1246 2086 1306 alteri

223 1359 313 1412 pro
362 1338 667 1393 condicione
723 1353 836 1389 esse
885 1335 1142 1388 sententia
1199 1333 1403 1396 evincit,
1455 1333 1595 1384 nullo
1643 1333 1855 1401 optativi
1904 1349 2087 1386 sensus

223 1427 520 1481 adiumento
547 1423 742 1475 nudum
769 1421 1116 1491 praemittitur
1138 1419 1217 1471 vel
1245 1418 1449 1472 mediae
1477 1419 1697 1471 orationi
1727 1419 2085 1486 interponitur.

224 1513 288 1566 Ut
325 1512 475 1564 huius
517 1506 913 1562 constructionis
949 1506 1202 1572 originem
1243 1504 1585 1569 declaremus
1612 1521 1714 1557 non
1756 1521 1821 1556 ex
1847 1521 2088 1557 sermone

225 1599 418 1666 vulgari
459 1601 631 1649 aetate
670 1592 1052 1663 posthomerica
1100 1608 1214 1644 eam
1255 1598 1421 1644 ortam
1469 1607 1599 1655 esse,
1638 1598 1693 1642 ut
1740 1589 1862 1643 olim
1905 1589 1961 1642 C.
2002 1588 2086 1643 Fr.

225 1685 550 1738 Hermannus
579 1680 798 1744 censuit,
827 1678 1202 1742 existimamus,
1230 1685 1439 1744 totoque
1477 1675 1620 1728 caelo
1649 1683 1759 1729 erat
1786 1675 2089 1729 Kuehnerus

225 1773 275 1823 in
316 1768 686 1837 grammaticae
725 1780 945 1831 graecae
994 1780 1041 1832 p.
1085 1764 1202 1814 784.
1280 1761 1537 1831 Exempla
1581 1761 1965 1830 Aristophanea
2017 1762 2092 1815 ita

226 1857 577 1925 disponemus,
608 1858 663 1904 ut
689 1852 913 1921 primum
934 1848 1290 1915 indicativum,
1320 1847 1508 1901 deinde
1536 1848 1838 1917 optativum,
1868 1847 2091 1916 denique

225 1941 584 2010 imperativum
623 1937 844 2007 protasis
881 1936 995 1988 loco
1035 1936 1230 2004 positos
1256 1951 1620 1988 recenseamus
1648 1939 1802 2002 atque
1835 1934 1888 1986 in
1914 1934 2090 2002 singu-

224 2028 287 2080 lis
334 2024 623 2093 generibuS‚
681 2030 850 2075 utrum
895 2021 1290 2088 interrogationi
1346 2021 1492 2073 locus
1539 2021 1609 2074 sit
1656 2035 1837 2086 necne,
1884 2017 2089 2089 discep-

226 2124 410 2166 temus.
496 2108 630 2163 Nam
693 2109 991 2161 etiamnunc
1055 2114 1190 2172 sunt,
1255 2108 1340 2175 qui
1402 2105 1823 2173 interrogationis
1886 2106 2089 2171 signum

226 2198 419 2267 protasi
456 2195 805 2266 paratacticae
844 2192 1057 2260 affigere
1103 2199 1337 2262 pergant.

367 2281 852 2336 Luculentissimum
894 2279 1190 2349 exemplum
1227 2276 1400 2332 Nubes
1439 2277 1774 2347 suppeditant
1810 2278 1863 2329 in
1889 2276 2012 2330 Iusti
2041 2282 2092 2329 et

225 2371 404 2425 Iniusti
442 2368 777 2422 altercatione
815 2382 889 2418 vs,
932 2366 1082 2418 1076.

396 2459 619 2527 ἥμαρτες,
659 2454 897 2526 ἠράσθης,
939 2453 1215 2523 ἐμοίχευσας
1252 2470 1307 2510 τι,
1347 2453 1448 2502 κάτ’
1471 2451 1713 2521 ἐλήφθης·

396 2544 654 2599 ἀπόλωλας
678 2560 687 2570 ·
712 2543 936 2598 ἀδύνατος
971 2542 1058 2612 γάρ
1098 2541 1136 2591 εἶ
1173 2541 1336 2608 λέγειν.

231 2632 408 2698 Nemo,
458 2633 657 2701 opinor,
707 2628 1123 2682 condicionalem
1172 2629 1350 2682 aoristi
1401 2644 1546 2680 usum
1605 2628 1656 2679 in
1706 2626 1782 2678 bis
1833 2626 2089 2678 versibus:

229 2720 271 2771 si
319 2718 563 2787 peccasti,
610 2715 816 2779 amasti,
873 2715 1090 2784 periisti,
1146 2715 1389 2782 quoniam
1437 2710 1645 2766 causam
1695 2729 1843 2765 orare
1903 2712 2090 2774 nesciS‚

230 2821 332 2857 non
372 2803 577 2856 videbit.
654 2800 914 2854 Protasim
955 2817 1075 2853 vero
1115 2801 1481 2866 interrogative
1519 2799 1734 2869 proferri
1776 2816 1890 2852 cum
1930 2799 2091 2852 totius

228 2891 327 2943 loci
365 2896 545 2943 tenore
583 2895 691 2940 tum
731 2886 1003 2939 verborum
1043 2903 1199 2939 sensu
1228 2892 1426 2938 vetatur
1465 2903 1526 2938 ac
1555 2903 1618 2938 ne
1657 2886 1854 2955 percipi
1882 2884 2087 2954 quidem

230 2983 403 3028 mente
441 2979 533 3027 aut
570 2973 785 3039 cogitari
823 2979 1009 3042 potest.
1084 2972 1321 3026 Alterum
1363 2972 1658 3041 exemplum
1698 2973 1749 3023 in
1778 2971 2091 3025 editionibus

229 3062 531 3130 plerumque
568 3059 919 3112 oblitteratum
958 3057 1119 3111 habes
1158 3059 1208 3110 in
1251 3058 1436 3110 Avium

398 3163 469 3199 vs.
512 3145 593 3197 76.
633 3142 736 3194 τοτὲ
775 3142 857 3210 μὲν
896 3142 979 3214 ἐρᾷ
1019 3150 1178 3214 φαγεῖν
1218 3145 1372 3214 ἀφύας
1410 3143 1702 3214 Φαληρικάς,

637 3230 806 3302 τρέχω’
835 3230 880 3281 π’
905 3233 1060 3302 ἀφύας
1098 3231 1188 3299 ἐγὼ
1227 3231 1391 3299 λαβὼν
1429 3232 1479 3281 τὸ
1518 3230 1746 3302 τρύβλιον.

639 3319 794 3375 ἔτνους
831 3317 869 3370 ‘6⁷
895 3319 1117 3387 ἐπιθυμεῖ,
1158 3321 1225 3371 δεῖ
1262 3321 1459 3391 τορύνης
1497 3320 1571 3369 καὶ
1610 3321 1799 3390 χύτρας,

635 3410 788 3478 τρέχω
827 3407 888 3458 ’πὶ
925 3410 1133 3480 τορύνην.
