2266 3722
892 172 1239 220 „11-

144 331 447 385 Coniunctio
486 330 561 379 καί
600 345 702 380 non
749 327 914 379 solum
954 327 991 376 εἰ
1038 322 1320 394 particulae
1360 323 1461 373 vim
1502 328 1656 386 auget
1695 318 1789 372 sed
1836 319 1991 370 etiam

144 418 284 470 verbi
323 417 498 483 ἀλγεῖν;
539 415 863 466 humerorum
894 411 1070 464 dolore
1110 410 1152 461 si
1192 408 1302 475 quis
1339 406 1572 470 afficitur,
1612 404 1754 456 oneri
1780 401 1992 454 ferendo

143 503 311 571 impar
365 507 458 567 est,
509 498 698 552 nedum
756 503 967 549 onustus
1014 493 1384 563 progrediatur.
1469 490 1588 542 Alia
1644 490 1782 541 vocis
1826 490 1901 537 καί
1959 490 1992 537 εἴ

144 588 276 640 ratio
318 591 412 653 est,
452 601 553 653 qua
589 580 966 649 Aristophanes
1005 580 1166 631 tribus
1204 577 1331 628 locis
1370 592 1490 627 usus
1529 581 1621 628 est.
1662 575 1737 623 καί
1776 576 1814 624 εἰ
1849 591 1995 626 usur-

144 677 294 740 patur
334 669 399 722 de
436 687 492 722 re
532 683 684 736 quam
723 666 832 717 fieri
870 664 1160 716 indicamus
1199 662 1353 713 etiam
1392 668 1499 713 tum
1539 660 1580 712 si
1614 661 1833 729 protasis
1874 676 1996 712 con-

146 755 280 808 dicio
306 755 521 824 impleta
547 758 699 817 esset,
728 751 871 803 cuius
898 749 1156 801 sententia
1182 752 1233 798 et
1257 747 1371 814 ipsa
1396 745 1634 812 opposita
1659 753 1737 797 est
1763 744 1996 813 apodosi.

322 839 382 891 V.
415 856 486 891 vs.
517 839 668 889 1332.
711 836 741 903 ἦ
783 835 874 902 μὴν
915 834 969 884 σὺ
1009 835 1171 888 δώσεις
1211 832 1363 901 αὔριον
1403 831 1576 879 τούτων
1615 831 1745 897 δίκην

697 925 805 991 ἡμῖν
847 925 1002 979 ἅπασι,
1045 922 1112 970 κεῖ.
1152 916 1314 988 σφόδρ’
1356 917 1392 967 εἶ’.
1431 918 1627 972 νεανίας.

149 1019 244 1083 Qui
289 1018 578 1071 iuveniliter
616 1016 853 1080 exsultat,
901 1016 986 1066 vix
1034 1029 1329 1082 poenasse
1375 1009 1612 1062 daturum
1661 1027 1773 1063 esse
1822 1009 2000 1075 credit,

147 1105 241 1159 sed
268 1104 489 1157 affirmat
514 1101 810 1170 Bdelycleo,
847 1116 1041 1168 poenas
1075 1098 1239 1166 repeti
1268 1113 1298 1148 a
1324 1095 1669 1162 Philocleone,
1711 1097 1808 1149 etsi
1849 1095 1998 1147 valde

150 1189 438 1242 iuveniliter
476 1186 714 1239 exsultet.
791 1184 1048 1253 Apodosis
1088 1182 1342 1252 particula
1380 1182 1508 1247 ὅμως
1545 1180 1826 1233 inducitur:

219 1273 360 1327 Eccl.
389 1290 460 1326 VS.
490 1272 608 1325 888.
649 1274 717 1321 κεί
755 1272 840 1340 γάρ
881 1268 934 1320 δι’
976 1271 1120 1339 ὄχλου
1160 1266 1283 1317 τοῦτ’
1325 1268 1420 1317 ἐστὶ
1458 1274 1551 1323 τοῖς
1590 1268 1860 1334 θεωμένοις,

644 1361 772 1426 ὅμως
810 1359 903 1427 ἔχει
942 1359 1129 1428 τερπνόν
1170 1374 1208 1405 τι
1247 1355 1323 1404 καὶ
1361 1355 1651 1423 κωμῳδικόν.

292 1451 606 1505 Perlustrato
654 1452 750 1505 hoc
797 1452 1175 1504 enuntiatorum
1223 1448 1676 1518 condicionalium·
1706 1462 1895 1513 genere
1943 1443 2008 1496 ad

153 1536 295 1590 aliud
331 1539 629 1603 transimuS,
681 1538 825 1590 cuius
872 1536 1092 1604 protasis
1139 1535 1392 1603 particula
1438 1535 1476 1584 εἰ
1514 1552 1630 1587 cum
1676 1532 1852 1596 futuro?
1891 1547 2012 1583 con-

150 1624 330 1676 iuncta
365 1622 634 1676 formatur.
693 1621 855 1683 Quam
898 1623 1094 1690 ψυχικὴν
1132 1620 1334 1670 διάθεσιν
1376 1626 1560 1673 vocant
1596 1617 1919 1685 grammatici
1958 1617 2011 1667 in

153 1708 251 1761 hoc
306 1725 511 1775 genere,
559 1714 614 1760 ut
658 1708 711 1759 in
758 1708 944 1776 priore,
984 1708 1287 1776 plerumque
1335 1706 1497 1767 abest,
1554 1705 1653 1757 nisi
1709 1702 1846 1771 quod
1901 1718 2010 1753 rem

154 1794 423 1846 enuntiato
480 1791 825 1845 condicionali
883 1793 1226 1859 significatam
1283 1797 1582 1844 eventuram
1641 1805 1758 1841 esse
1817 1787 1899 1838 vix
1956 1802 2010 1837 se

154 1885 458 1947 exspectare
513 1879 556 1930 is
603 1878 688 1946 qui
743 1877 970 1945 loquitur
1016 1878 1222 1946 saepius
1270 1881 1463 1929 censet.
1549 1873 1730 1926 Tribus
1786 1872 1914 1924 locis
1961 1872 2012 1922 in

154 1964 348 2032 protasi
415 1962 641 2015 futurum
703 1964 895 2032 passivi
963 1963 1230 2031 usurpavit
1285 1959 1685 2029 Aristophanes:
1751 1957 1879 2025 Equ.
1938 1974 2010 2009 vs.

157 2050 273 2099 175.
313 2048 406 2101 Av.
447 2065 520 2100 vs,
565 2050 681 2099 177.
722 2047 782 2100 R.
822 2065 893 2100 vs.
935 2049 1053 2098 254.
1113 2045 1464 2099 Memorabilis
1493 2050 1572 2097 est
1601 2044 1760 2096 futuri
1787 2052 1837 2094 et
1863 2058 2014 2111 prae-

158 2135 318 2187 sentis
376 2133 607 2187 confusio
666 2150 820 2201 quam
871 2133 1064 2186 Cobeto
1116 2133 1406 2200 exstirpare
1462 2146 1566 2182 non
1624 2129 1862 2194 contigit:
1920 2128 2014 2179 Ar.

158 2237 232 2273 vs.
276 2221 427 2271 1225.
466 2219 703 2269 δεινότατα
741 2223 828 2290 γάρ
866 2237 934 2268 τοι
972 2217 1260 2285 πεισόμεσθ’,
1303 2217 1403 2284 ἐμοὶ
1441 2218 1604 2277 δοκεῖν,

387 2308 426 2356 εἰ
462 2312 554 2356 τῶν
595 2305 677 2374 μὲν
717 2306 882 2356 ἄλλων
923 2309 1144 2377 ἄρχομεν,
1188 2305 1314 2373 ὑμεῖς
1352 2303 1391 2355 δ’
1416 2305 1454 2355 οἱ
1492 2303 1594 2354 θεοὶ
1634 2301 2012 2352 ἀκολαστανεῖτε.

157 2393 302 2445 cuius
357 2394 608 2446 rationem
666 2393 895 2446 Kockius
954 2394 1084 2445 bene
1129 2393 1411 2461 perspexit,
1471 2392 1554 2458 qui
1612 2389 1768 2442 verba
1823 2386 2015 2439 reddit:

157 2494 327 2544 wenn,
366 2478 615 2530 wahrend
652 2480 746 2531 wir
783 2479 884 2532 alle
921 2479 1135 2544 iibrigen
1178 2477 1538 2542 beherrschen,
1576 2475 1656 2527 ihr
1694 2479 1822 2527 stets
1860 2489 2017 2524 euren

160 2562 447 2615 Mutwillen
486 2564 579 2616 mit
604 2581 701 2617 uns
729 2563 848 2617 sollt
885 2564 1082 2616 treiben
1111 2564 1336 2615 konnen.
1412 2561 1496 2613 Ad
1533 2567 1825 2629 temporum
1852 2558 2017 2610 varie-

157 2655 316 2701 tatem
362 2647 672 2701 firmandam
719 2654 938 2717 possunt
983 2648 1204 2701 adscisci
1249 2646 1382 2699 Plut.
1430 2662 1529 2699 vss
1573 2645 1674 2696 329
1714 2661 1842 2712 sqq.,
1892 2658 2018 2710 quos

160 2749 318 2802 supra
363 2735 746 2802 exscripsimus.
822 2733 994 2785 Etiam
1033 2733 1180 2786 huius
1219 2733 1423 2800 generis
1465 2731 1848 2784 enuntiatorum
1895 2743 2018 2780 con·

161 2817 495 2870 dicionalium
536 2810 769 2870 membra
807 2819 879 2870 ita
916 2817 1170 2886 disposita
1207 2824 1339 2882 sunt,
1378 2823 1434 2868 ut
1471 2815 1692 2885 protasis
1739 2811 2021 2883 praecedat

161 2902 322 2956 multo
379 2904 585 2972 saepius
647 2902 888 2972 apodosi3
946 2919 1048 2955 uno
1112 2910 1162 2954 et
1224 2902 1435 2967 triginta
1494 2900 1623 2952 locis
1679 2898 1776 2951 hoc
1838 2897 2018 2950 ordine

162 2986 432 3054 habentur,
479 2988 706 3041 sedecim
752 2988 879 3040 locis
926 2987 1170 3056 apodosis
1218 2987 1444 3056 priorem
1493 2983 1669 3037 sedem
1729 2983 2018 3050 occupavit.

162 3071 358 3124 Harum
406 3074 776 3125 sententiarum
825 3073 876 3123 in
923 3071 1141 3140 apodosi
1188 3071 1340 3137 longe
1398 3068 1664 3139 praevalet
1710 3067 2019 3120 indicativus

163 3158 271 3210 sive
298 3157 453 3209 futuri
491 3157 742 3226 simplicis
770 3158 878 3209 sive
902 3156 1058 3209 futuri
1086 3156 1297 3224 passivi,
1337 3157 1527 3224 quippe
1562 3170 1677 3206 cum
1717 3153 1790 3205 rei
1818 3152 2021 3204 futurae

164 3250 377 3295 eventus
432 3251 485 3294 et
527 3243 640 3311 ipse
689 3242 885 3294 futurus
945 3241 1024 3293 sit.
1099 3239 1352 3293 Futurum
1399 3240 1606 3291 tertium
1663 3254 1728 3290 ex
1766 3236 1925 3288 Suida
1970 3243 2022 3288 et

163 3343 197 3380 a
233 3326 513 3380 scholiasta
548 3327 812 3395 reponitur
838 3324 968 3378 Nub.
1012 3342 1084 3378 vs.
1127 3327 1278 3377 1277.
1353 3325 1489 3378 Raro
1516 3322 1759 3392 apodosis
1784 3326 2021 3390 tempore

161 3411 425 3482 praesenti
461 3411 722 3480 profectur
749 3411 899 3479 (Equ.
940 3427 1013 3464 vs.
1045 3412 1181 3462 1359
1220 3427 1294 3478 sq.
1334 3409 1474 3463 Eccl.
1515 3411 1616 3461 471
1654 3407 1727 3460 Pl.
1768 3423 1841 3460 vs.
1871 3407 2020 3474 922);
