2266 3722
959 184 1168 234 -.37
1242 215 1306 221 —

357 334 408 388 Si
457 336 568 404 quis
612 337 664 387 in
713 338 1096 406 exspectatione
1144 337 1408 392 cuiusdam
1463 341 1536 393 rei
1591 345 1683 407 est,
1741 339 2055 395 desiderium

216 426 303 474 aut
339 419 585 473 iudicium
625 419 817 474 addere
854 427 1039 490 potest,
1080 421 1200 490 quid
1236 429 1354 492 post
1390 424 1462 476 rei
1501 428 1741 478 eventum
1768 425 1878 478 fieri
1915 432 2058 496 optet

216 512 304 559 aut
352 504 558 559 iudicet.
633 504 808 574 Itaque
852 507 904 559 in
952 506 1166 577 apodosi
1226 509 1606 582 enuntiatorum
1663 509 1809 564 huius
1853 513 2056 578 generis

213 607 380 659 neque
426 590 681 660 optativus
729 590 949 660 simplex
996 608 1162 661 neque
1218 594 1472 662 optativus
1529 611 1645 647 cum
1700 596 1958 665 particula
2001 600 2056 648 ἄν

214 678 536 732 consociatus
575 676 739 744 deest,
780 694 1090 746 quamquam
1134 695 1227 749 pro
1271 696 1452 732 rerum·
1488 687 1671 734 natura
1706 683 1902 736 rariora
1939 691 2058 738 sunt

211 763 330 816 talis
379 763 576 816 formae
621 762 861 832 exempla
917 780 1068 831 quam
1125 765 1429 834 imperativi.
1511 765 1819 836 Temporum
1866 783 2057 837 aequa-

212 849 480 917 bilitatem,
537 849 633 902 etsi
687 865 791 901 non
847 865 1050 919 semper
1105 851 1400 916 retineatur,
1462 856 1637 906 tamen
1693 853 1745 904 in
1799 853 2057 923 plerisque

211 935 463 1005 exemplis
525 940 778 988 servatam
841 950 954 988 esse
1015 933 1262 988 videmus.
1361 933 1496 988 Nudi
1558 938 1770 1006 optativi
1832 940 1914 1007 qui
1977 944 2059 994 est

211 1021 435 1091 optantis
474 1019 766 1088 exemplum
807 1019 858 1070 in
898 1036 995 1087 quo
1036 1020 1355 1074 concinnitas
1394 1028 1641 1088 servatur,
1680 1028 1758 1076 est
1794 1024 1847 1076 in

210 1106 268 1159 R.
309 1123 379 1160 vs.
420 1105 537 1159 586.
578 1103 689 1155 ἀλλ’
711 1105 769 1172 ἥν
809 1123 860 1155 σε
896 1110 976 1155 τοῦ
1014 1106 1173 1156 λοιποῦ
1210 1104 1308 1157 ποτ’
1332 1108 1583 1177 ἀφέλωμαι
1620 1111 1801 1179 χρόνου,

420 1193 537 1245 587.
577 1189 753 1241 κάκιστ’
795 1192 1068 1260 ἀπολοίμην.
1398 1193 1564 1246 Aliter
1601 1196 1885 1264 comparati
1922 1202 2055 1249 sunt:

213 1280 270 1333 V.
311 1297 382 1333 VS.
423 1281 539 1331 524.
583 1281 676 1329 εἶπέ
716 1298 804 1346 μοι,
846 1281 885 1329 τί
922 1277 961 1329 >3⁷
986 1281 1058 1347 ἢν,
1099 1279 1149 1329 τὸ
1188 1279 1326 1337 δεῖνα,
1366 1279 1429 1346 τῇ
1465 1281 1614 1347 διαίτῃ
1653 1281 1719 1349 μὴ
1758 1279 1977 1349 ’μμένῃς;

331 1365 541 1418 Philocl.
584 1364 804 1434 μηδέποτ’
843 1368 965 1433 πίοιμ
1005 1364 1238 1437 ’ἄκρατον
1277 1366 1442 1433 μισθὸν
1483 1368 1663 1434 ἀγαθοῦ
1700 1369 1928 1435 δαίμονος.

213 1453 440 1524 Optativi
481 1470 595 1506 cum
644 1456 697 1504 ἄν
745 1454 967 1522 copulati
1025 1453 1264 1522 exempla
1320 1453 1420 1506 duo
1473 1453 1678 1508 diversa
1732 1462 1850 1509 sunt
1904 1455 2056 1510 haec:
2137 1444 2139 1446 V

208 1542 327 1612 Lys.
367 1560 437 1595 vs·
478 1543 578 1593 696
619 1542 669 1593 οὐ
708 1543 793 1612 γάρ
834 1541 961 1608 ὑμῶν
1000 1541 1276 1612 φροντίσαιμ’
1307 1540 1377 1608 ἄν,
1415 1543 1472 1609 ἢν
1513 1542 1613 1608 ἐμοὶ
1651 1542 1723 1610 ζῇ
1761 1544 2003 1611 Λαμπιτώ.

283 1629 338 1683 N.
382 1649 450 1684 vs.
495 1631 608 1683 116.
651 1632 707 1698 ἢν
746 1630 823 1680 οὖν
863 1630 1026 1697 μάθῃς
1064 1649 1138 1697 μοι
1175 1629 1252 1679 τὸν
1291 1630 1442 1680 ἄδικον
1481 1636 1640 1680 τοῦτον
1678 1631 1832 1698 λόγον,

487 1719 603 1771 118.
644 1718 725 1768 οὐκ
763 1720 816 1767 ἀν
856 1717 1073 1784 ἀποδοίην
1114 1715 1207 1767 οὐδ’
1231 1720 1286 1766 ἀν
1326 1717 1491 1784 ὀβολὸν
1531 1717 1690 1768 οὐδενί.

350 1804 478 1857 Cum
525 1804 806 1858 indicativo
849 1804 1139 1873 praesentis
1184 1804 1237 1856 in
1282 1803 1499 1874 apodosi
1544 1803 1804 1858 interdum
1842 1805 2059 1875 perfecti

205 1891 516 1944 indicativus
556 1891 857 1944 coniunctus
898 1895 991 1957 est,
1030 1890 1170 1943 velut

277 1976 395 2046 LyS.
437 1994 508 2030 VS.
551 1977 671 2028 856.
711 1978 794 2026 κᾶν
836 1976 925 2045 ᾠὸν
965 1977 995 2043 ἢ
1035 1976 1188 2044 μῆλον
1227 1975 1374 2043 λάβῃ,
1416 1976 1613 2045 Κινησίᾳ

711 2063 833 2113 τουτί
869 2065 1056 2130 γένοιτο,
1096 2064 1236 2133 φησίν
1262 2081 1270 2089 ·
1295 2065 1379 2112 κᾶν
1417 2064 1516 2134 περὶ
1554 2064 1732 2134 ἀνδρῶν
1770 2062 1811 2130 γ’
1834 2063 2020 2131 ἐμπέσῃ

711 2151 850 2218 λόγος
886 2169 965 2211 τις,
1005 2148 1151 2221 εἴρηκ’
1191 2150 1370 2207 εὐθέως
1407 2151 1437 2219 ἡ
1478 2151 1538 2219 σὴ
1576 2155 1688 2220 γυνή
1728 2152 1829 2201 κτλ.

205 2241 257 2289 et
293 2235 353 2288 V.
394 2252 467 2289 vs.
507 2237 609 2287 493
649 2253 723 2305 sq.
797 2235 853 2289 In
899 2243 1113 2305 utroque
1159 2237 1397 2307 exemplo
1445 2237 1709 2292 hominum
1758 2254 1928 2291 mores
1967 2236 2058 2290 de-

204 2323 484 2391 pinguntur
522 2328 573 2375 et
597 2322 812 2391 perfecti
843 2323 915 2375 vis
943 2338 1005 2375 ea
1030 2327 1109 2376 est
1133 2328 1204 2389 ut,
1243 2323 1553 2392 simulatque
1579 2341 1737 2376 unum
1764 2324 2058 2391 accidisset,

205 2408 424 2461 alterum
463 2408 793 2461 subsecutum
832 2425 945 2462 esse
981 2408 1192 2462 indicet.
1255 2408 1416 2462 Multo
1455 2409 1770 2478 frequentius
1808 2410 2058 2479 protasim

205 2493 530 2547 coniunctivo
574 2498 666 2547 aut
710 2494 959 2563 temporis
1003 2494 1290 2563 praesentis
1336 2499 1428 2548 aut
1476 2496 1652 2549 aoristi
1698 2495 1955 2565 prolatum
2005 2496 2059 2547 in

204 2579 419 2650 apodosi
455 2578 764 2633 indicativus
804 2581 978 2633 aoristi
1017 2581 1263 2649 sequitur.
1337 2580 1592 2648 Aoristus,
1632 2582 1716 2650 qui
1754 2582 1807 2634 in
1844 2580 2058 2651 periodo

203 2665 538 2735 hypothetica
562 2664 719 2735 Vesp.
750 2682 819 2719 vs.
848 2666 951 2716 579
990 2682 1097 2734 sqq.
1138 2682 1386 2735 praesens
1427 2667 1635 2736 excipit,
1673 2666 1976 2736 plerumque
2014 2668 2058 2721 is

204 2758 297 2818 est,
337 2769 487 2821 quem
514 2752 812 2819 gnomicum
839 2751 1106 2821 appellant
1131 2752 1473 2819 grammatici,
1507 2769 1605 2820 quo
1633 2769 1742 2806 rem
1769 2751 2058 2806 identidem

203 2837 397 2891 factam
443 2837 604 2891 semel
650 2837 841 2891 factam
888 2854 1002 2891 esse
1043 2836 1230 2890 Graeci
1274 2837 1554 2907 ponebant.
1628 2837 1849 2892 Dicendi
1896 2855 2059 2906 genus

204 2924 439 2993 apprime
476 2924 762 2977 illustratur
800 2922 1034 2977 eiusdem
1074 2921 1392 2977 comoediae.

376 3026 442 3062 VS.
484 3011 567 3061 97.
608 3009 683 3059 καί
719 3009 776 3077 νὴ
817 3007 899 3070 Δί’,
942 3011 998 3076 ἢν
1035 3010 1112 3076 ἴδῃ
1151 3011 1200 3076 γέ
1239 3028 1322 3059 που
1360 3011 1674 3080 γεγραμμένον

492 3096 582 3147 ὑιὸν
620 3097 953 3168 Πυριλάμπους
991 3098 1037 3147 ἐν
1076 3098 1199 3168 θύρᾳ
1237 3099 1397 3165 Δῆμον
1435 3098 1598 3160 καλὸν,

490 3184 572 3235 ἰὼν
610 3187 875 3257 παρέγραψε
913 3186 1111 3253 πλησίον
1151 3185 1339 3253 „ze-quoe,
1376 3186 1574 3242 καλός“.

205 3268 334 3322 Cum
374 3269 509 3324 hunc
547 3273 724 3326 aoristi
772 3289 919 3326 usum
966 3273 1020 3324 in
1076 3271 1293 3342 apodosi
1343 3289 1605 3342 nunquam
1666 3272 1831 3325 critici
1889 3277 2058 3342 temp-

201 3361 387 3422 tarent,
427 3357 602 3410 aoristi
642 3358 936 3428 exemplum
972 3376 1147 3426 unum,
1187 3359 1239 3410 in
1277 3375 1375 3427 quo
1412 3358 1568 3411 futuri
1593 3357 1708 3411 loco
1735 3358 1933 3427 positus
1963 3363 2059 3424 est,

201 3440 422 3494 tolerare
465 3442 757 3497 noluerunt.
840 3443 1099 3511 MuliereS,
1159 3461 1290 3512 quae
1345 3445 1399 3497 in
1456 3443 1847 3510 EcclesiazusiS‚
1903 3461 1972 3498 ne
2028 3459 2060 3496 a
