2266 3722
1037 123 1352 172 -4-

263 279 327 347 (εἰ
363 277 599 349 παρείην),
638 275 910 329 modorum
955 276 1203 328 varietate
1250 275 1554 344 quibuscum
1593 275 1632 325 εἰ
1669 275 1999 328 coniunctum
2046 280 2127 328 est

262 371 551 418 excusatur.
613 361 742 416 Cum
772 360 1083 414 adiectivum
1113 360 1520 430 praedicativum
1553 362 1607 413 in
1635 361 1820 414 ceteris
1847 360 2124 414 enuntiatis

263 449 611 520 hypotheticis
651 447 1013 500 adamaverint
1039 445 1243 512 Graeci,
1272 445 1634 515 Aristophanis
1660 463 1820 499 unum
1852 452 2127 515 praeterea

261 533 554 588 huiusmodi
594 532 890 602 exemplum
929 533 982 584 in
1021 532 1261 583 manibus
1301 540 1381 584 est

330 622 450 692 Lys.
493 639 564 675 vS.
607 623 759 673 1111.
801 617 915 669 ἀλλ’
955 617 1057 687 οὐχὶ
1094 617 1302 687 χαλεπὸν
1341 619 1546 690 τοῦργον,
1588 620 1626 669 εἰ
1650 618 1788 686 λάβοι
1814 621 1865 685 γε’
1891 636 1957 675 τις

793 708 1028 777 ὀργῶντας
1068 705 1301 773 ἀλλήλων
1341 724 1390 756 τε
1431 706 1497 774 μὴ
1542 706 1914 777 ’κπεῑρωμένους.

257 793 315 848 In
353 792 495 846 Eccl.
536 810 610 846 vs.
651 793 769 859 644,
810 810 963 861 quem
1003 809 1159 862 supra
1189 791 1577 862 adscripsimus,
1603 792 1858 862 particula
1895 793 1950 857 εἰ,
1989 791 2127 860 quod

257 882 310 933 in
368 881 520 933 rebus
578 879 760 932 futuris
821 879 1164 948 depingendis
1215 886 1447 932 versatur
1493 889 1665 947 poeta,
1712 879 1977 948 propriam
2022 878 2124 929 vim

257 967 465 1020 retinet.
542 964 941 1018 Enuntiatorum
982 964 1420 1018 condicionalium
1460 963 1607 1017 huius
1646 964 1844 1016 formae
1879 980 2027 1016 usum
2054 964 2128 1015 ita

259 1051 619 1119 delineaveris‚
646 1056 705 1103 ut
733 1067 849 1103 eam
877 1049 1115 1103 adhiberi
1144 1050 1305 1115 dicas,
1335 1050 1378 1102 si
1405 1050 1516 1117 quis
1558 1049 1697 1102 nullo
1739 1050 1900 1101 animi
1938 1047 2127 1102 affectu

259 1144 348 1190 aut
386 1136 529 1188 nulla
567 1135 781 1189 effectus
822 1137 1022 1189 ratione
1061 1135 1238 1188 habita
1273 1152 1385 1188 rem
1432 1142 1606 1204 ponat,
1647 1143 1702 1187 ut
1749 1135 1964 1188 alteram
2003 1133 2127 1187 inde

255 1222 366 1275 fieri
405 1221 699 1275 concludat.

398 1306 545 1360 Nova
601 1306 834 1360 eiusdem
893 1308 1098 1374 generis
1156 1308 1358 1376 species
1422 1307 1728 1375 imperativo
1791 1307 1844 1357 in
1908 1304 2126 1374 apodosi

259 1393 514 1447 collocato
555 1393 787 1446 efficitur.
863 1393 976 1447 Uno
1016 1394 1148 1459 1000,
1190 1391 1413 1445 Nubium
1454 1409 1526 1444 vs.
1570 1395 1631 1443 11
1674 1392 1968 1461 imperativi
2014 1391 2128 1443 vice

261 1479 491 1545 fungitur
548 1480 904 1532 coniunctivus
963 1478 1340 1532 adhortativus:
1419 1479 1523 1528 ἀλλ’
1593 1479 1630 1528 εἰ
1688 1479 1827 1538 δοκεῖ,
1888 1479 2126 1547 ῥέγκωμεν

264 1567 669 1634 ἐγκεκαλυμμένοι.
768 1565 833 1618 Ut
895 1582 1052 1634 supra
1114 1566 1364 1634 protasim
1429 1565 1680 1634 praeponi
1743 1564 1948 1617 solitam
2012 1581 2126 1617 esse

260 1653 501 1719 vidimus,
557 1654 630 1706 ita
687 1652 769 1706 hic
827 1670 1028 1721 quoque
1086 1653 1348 1720 aliquanto
1407 1653 1574 1704 maior
1632 1658 1710 1704 est
1767 1650 2125 1720 exemplorum

257 1756 519 1805 numerus,
540 1740 593 1790 in
615 1739 798 1806 quibus
821 1739 1045 1807 protasis
1066 1737 1338 1807 praecedit
1368 1737 1602 1806 apodosi.
1646 1735 1775 1789 Cum
1798 1735 2124 1802 undeviginti

254 1823 382 1877 locis
422 1825 644 1892 protasis
684 1830 928 1891 sequatur
955 1822 1245 1892 apodosim,
1273 1823 1457 1890 viginti
1486 1829 1601 1875 octo
1641 1822 1771 1875 locis
1813 1822 1942 1874 haec
1979 1821 2123 1874 illam

257 1910 467 1978 excipit.
518 1908 771 1971 Quoniam
800 1909 1081 1962 discrimen
1110 1907 1246 1976 quod
1272 1909 1410 1961 inter
1435 1908 1802 1976 imperativum
1830 1907 2122 1976 praesentis

257 2001 306 2047 et
362 1996 539 2047 aoristi
592 1995 867 2048 intercedit
912 1995 1187 2048 leviculum
1246 1999 1351 2061 est,
1415 2001 1688 2062 utrumque
1747 1993 2121 2060 coniungimus.

256 2079 592 2132 Grammatici
637 2080 762 2133 inde
807 2081 871 2132 ab
918 2079 1234 2146 Hermanno,
1284 2079 1406 2147 quid
1455 2079 1521 2132 ad
1568 2096 1777 2132 sensum
1824 2079 2028 2145 referat,
2078 2079 2122 2131 si

255 2165 459 2231 legatur
495 2166 833 2234 imperativus
881 2173 968 2217 aut
1015 2166 1312 2234 praesentis
1360 2172 1448 2216 aut
1494 2165 1688 2228 amisti,
1727 2165 1862 2216 inter
1910 2181 1965 2216 se
2014 2163 2121 2217 dis·

259 2258 488 2319 crepant.
547 2250 875 2302 Hermannus
915 2250 981 2302 ad
1021 2250 1266 2317 Vigerum
1306 2267 1354 2318 p.
1386 2252 1485 2300 747
1522 2248 1628 2316 (ed.
1658 2248 1767 2316 IV.)
1808 2251 1882 2302 sic
1921 2251 2120 2302 statuit:

260 2334 545 2401 „Praesens
593 2345 643 2388 et
687 2336 906 2388 aoristus
956 2337 1009 2387 in
1057 2336 1276 2388 caeteris
1319 2342 1523 2403 praeter
1566 2333 1906 2387 indicativum
1953 2334 2120 2388 modis

258 2437 317 2474 eo
357 2422 583 2473 maxime
622 2420 879 2487 differunt,
920 2420 1056 2488 quod
1096 2437 1343 2490 praesens
1380 2437 1487 2472 rem
1518 2419 1707 2472 diutius
1737 2420 2012 2473 durantem
2040 2421 2123 2473 vel

258 2508 466 2575 saepius
514 2507 803 2575 repetitam,
853 2508 1072 2559 aoristus
1119 2524 1227 2558 rem
1277 2506 1415 2558 brevi
1463 2506 1753 2558 absolutam
1813 2515 1902 2559 aut
1958 2506 2122 2560 semel

256 2593 446 2644 factam
493 2592 704 2644 indicat.
789 2591 969 2660 Inepte
1020 2591 1162 2645 dicas
1208 2596 1382 2663 γράψον
1433 2592 1606 2659 βίβλον,
1671 2593 1789 2660 quia
1836 2592 1933 2645 hoc
1979 2593 2121 2660 longi

256 2680 504 2747 temporis
553 2696 679 2747 opus
727 2686 825 2732 est:
875 2686 1012 2732 recte
1061 2696 1178 2732 vero
1225 2681 1303 2736 δὸς
1353 2680 1437 2748 τὴν
1486 2686 1620 2751 χεῖρα
1668 2680 1787 2747 quia
1832 2679 1929 2731 hoc
1977 2679 2118 2732 brevi

256 2765 504 2833 temporis
567 2772 827 2818 momento
892 2766 995 2817 fitf‘
1081 2765 1229 2818 Hanc
1293 2766 1644 2819 definitionem
1708 2774 1915 2835 praeter
1989 2765 2118 2818 alios

261 2848 550 2916 Madvigius
576 2850 627 2901 in
651 2849 866 2918 Syntaxi
895 2867 1085 2917 graeca
1112 2851 1185 2920 (p.
1212 2853 1337 2919 176)
1367 2852 1638 2920 amplexus
1668 2859 1761 2904 est.
1804 2852 1849 2902 A
1870 2850 2119 2917 Kruegeri

258 2936 513 2986 sententia
550 2938 642 3000 (gr.
685 2934 1025 3004 Sprachlehre
1065 2936 1145 2989 ed.
1184 2940 1232 2988 4.
1263 2954 1310 3005 p.
1343 2937 1490 3004 177):
1535 2937 1671 3002 „Der
1709 2935 1988 3005 Imperativ
2027 2935 2118 2989 des

259 3019 435 3072 Aorist
471 3021 536 3071 ist
573 3020 893 3085 gewohnlich
929 3024 1052 3074 zeit-
1079 3021 1186 3074 und
1226 3023 1482 3089 dauerIOS‚
1511 3022 1604 3076 das
1645 3022 1815 3075 blosse
1850 3021 2119 3074 Eintreten

263 3101 353 3153 der
390 3103 669 3170 Handlung
708 3105 1076 3172 bezeichnend‚
1116 3106 1366 3159 wahrend
1413 3108 1543 3160 eben
1591 3107 1764 3160 dieser
1802 3107 1986 3160 Modus
2026 3106 2117 3160 des

261 3184 511 3241 Praesens
569 3190 651 3240 ein
707 3188 1103 3243 Zustandliches
1161 3191 1474 3244 ausdruckt“
1532 3209 1636 3245 non
1683 3192 1899 3245 multum
1946 3191 2118 3244 differt

262 3269 416 3322 Curtii
459 3273 476 3338 (
485 3273 568 3326 Gr.
611 3273 843 3339 Schulgr.
887 3276 966 3326 12.
996 3275 1160 3343 Auflg.
1206 3278 1339 3328 1878
1366 3294 1416 3346 p.
1445 3277 1592 3341 278):
1640 3277 1737 3331 Die
1776 3278 2116 3332 aoristischen

258 3353 482 3408 Formen
522 3359 673 3423 (coni.
716 3368 819 3428 opt..
860 3361 980 3428 imp.
1028 3361 1136 3427 inf.)
1179 3362 1491 3414 bezeichnen
1532 3362 1677 3415 mehr
1725 3364 1841 3416 eine
1880 3363 2114 3417 einzelne
