2266 3722
870 169 1210 218 -47-

119 323 334 376 Paulum
373 323 437 376 ab
476 322 571 374 hoc
609 337 703 373 usu
742 320 929 387 differt,
969 323 1010 374 si
1056 320 1252 392 periodi
1300 319 1583 372 membrum
1632 318 1846 372 alterum
1894 318 1957 370 ab

119 409 242 480 εἴπερ
285 407 539 476 incipiens
585 421 794 459 causam
841 407 1092 474 continet,
1142 405 1359 459 alterum
1415 402 1551 471 quod
1595 402 1716 456 inde
1772 402 1961 455 debeat

118 494 229 548 fieri
266 493 517 559 adiungit,
555 497 631 544 ut:

120 578 248 633 Ach.
289 577 516 630 VS..405.
558 575 829 639 ὑπάκουσον,
870 578 992 649 εἴπερ
1029 579 1202 629 πώποτ’
1245 563 1505 647 ἀνθρώπιον
1544 575 1637 624 τινί.

158 662 252 723 «Ν.
290 681 361 717 VS.
402 664 520 716 356.
867 666 943 715 καὶ
979 672 1072 727 νῦν,
1114 666 1235 736 εἴπερ
1273 665 1353 714 τινὶ
1390 663 1574 732 κᾶλλῳ,

457 750 754 821 οὐρανομήκη
795 744 969 821 ῥήξατε
1006 753 1144 820 κάμοὶ
1182 754 1358 822 φωνήν.

121 835 200 890 De
254 835 442 905 copula
495 838 569 888 καὶ
624 844 741 906 post
778 839 899 910 εἴπερ
941 841 1123 907 *posita
1167 854 1322 907 supra
1373 835 1703 889 disseruimus
1750 846 1965 898 eamque

123 922 322 976 collatis
366 924 631 992 particulis
676 926 1037 995 comparativis
1084 925 1237 996 ὥσπερ
1285 926 1359 974 καί
1407 954 1469 959 -
1519 922 1666 977 οὕτως
1703 916 1966 985 cogitandi

121 1010 528 1064 inconcinnitate
555 1012 815 1080 explicare
854 1012 1155 1066 studuimus.
1218 1009 1276 1064 In
1314 1010 1496 1064 eodem
1535 1006 1741 1062 dicendi
1778 1020 1967 1072 genere

123 1101 352 1150 verSatur
389 1096 511 1168 εἴπερ
550 1099 686 1149 ποτέ;

228 1182 357 1251 Equ.
397 1200 469 1238 VS.
511 1185 629 1236 591.
669 1186 736 1235 οεῖ
772 1187 874 1237 592
912 1186 997 1256 γάρ
1037 1191 1130 1241 τοῖς
1157 1185 1346 1254 ἀνοράσι
1370 1188 1438 1233 τοῖ
1442 1183 1521 1233 σῧε
1546 1185 1632 1232 πά-

665 1292 727 1340 σῃ
766 1275 909 1343 τέχνῃ
949 1274 1126 1344 πορίσαι
1165 1291 1217 1323 σε
1254 1272 1317 1322 νί-

666 1379 753 1428 κην
794 1362 915 1432 Εἴπερ
954 1379 1062 1411 ΤΟἙΕ
1100 1379 1176 1410 Kal.
1212 1364 1305 1410 νῦν.

295 1444 350 1496 Ρ.
391 1461 463 1498 VS.
504 1446 621 1500 302.
663 1447 701 1497 ὦ
740 1447 1063 1515 Πανέλληνες,
1105 1447 1438 1515 βοηθήσωμεν,
1479 1443 1600 1513 εἴπερ
1640 1441 1837 1490 πώποτε.

131 1529 246 1584 Non
290 1548 391 1585 uno
437 1533 647 1586 nomine
693 1533 915 1603 denique
954 1532 1408 1588 commemoranda
1445 1536 1522 1584 est
1565 1526 1820 1598 particula
1855 1524 1976 1594 εἴπερ

130 1633 224 1687 per
261 1635 316 1672 se
357 1617 587 1673 adhibita
623 1621 699 1673 in:
1455 1632 1460 1636 ’

132 1701 192 1755 Ν.
234 1721 304 1758 VS.
344 1705 462 1757 226.
503 1706 637 1756 ἔπειτ’
679 1707 766 1758 ἀπὸ
805 1713 972 1779 ταρροῦ
1010 1706 1116 1763 τοὺς
1153 1704 1293 1762 θεοὺς
1332 1704 1640 1775 ὑπερφρονεῖς,

503 1793 615 1844 ἀλλ’
656 1794 736 1845 οὐκ
777 1795 864 1844 ἀπὸ
903 1795 990 1863 τῆς
1027 1801 1128 1863 γῆς,
1171 1794 1309 1864 εἴπερς

134 1878 368 1932 Alterum
413 1879 705 1935 huiusmodi
750 1882 1008 1948 singulare
1054 1881 1348 1950 exemplum
1395 1877 1576 1930 afferre
1616 1891 1716 1927 non
1754 1887 1980 1941 possum,

135 1965 235 2018 nisi
255 1965 385 2019 forte
406 1983 468 2018 ex
490 1966 720 2034 Platone,
750 1969 833 2035 qui
859 1969 911 2019 in
890 1968 1051 2090 libr
1081 1966 1144 2019 de
1171 1964 1436 2035 republica
1474 1963 1504 2012 6
1531 1979 1578 2030 p.
1607 1961 1749 2010 4970,
1783 1956 1978 2010 scribit.

137 2051 189 2101 οὐ
227 2051 278 2102 τὸ
319 2052 385 2121 μὴ
425 2052 563 2120 βούλε
569 2054 693 2115 σθα,
736 2052 848 2104 ἀλλ
928 2072 1027 2124 περ,
1067 2053 1118 2102 τὸ
1158 2051 1225 2119 μὴ
1264 2050 1487 2101 ουνασθαι
1525 2045 1795 2097 οιακωλυσε
1763 2063 1812 2094 ..
1855 2041 1982 2094 etin

136 2138 374 2192 Parmen.
410 2157 459 2209 p.
500 2141 655 2193 150b.
705 2160 751 2191 εν
800 2160 856 2209 με
860 2163 882 2191 ν
922 2142 1019 2210 ολῳ
1060 2143 1151 2211 ἄρα
1188 2158 1243 2208 τα
1292 2138 1354 2188 ἑνὶ
1393 2137 1474 2187 οὐκ
1514 2134 1568 2186 ἄν
1608 2135 1678 2201 εἴη
1717 2132 1982 2201 σμικρότης

138 2228 250 2278 ἀλλ’
291 2228 428 2299 εἴπερ,
469 2228 516 2279 ἐν
556 2230 696 2300 μέρει,
753 2228 839 2281 ubi
895 2244 1123 2280 summus
1174 2224 1500 2278 Heindorfius
1547 2220 1779 2274 Platonis
1835 2231 1984 2269 usum

137 2314 368 2384 pluribus
406 2321 708 2384 persecutus
755 2320 833 2369 est
876 2332 973 2368 nec
1020 2319 1249 2367 nostrum
1288 2308 1646 2379 Aristophanis
1693 2302 1985 2373 exemplum

141 2401 328 2454 omisit.

278 2484 415 2539 Inter
442 2486 686 2555 elliptica‚
717 2502 847 2554 quae
878 2490 1142 2551 vocantur,
1175 2481 1381 2536 dicendi
1412 2495 1604 2547 genera
1641 2475 1779 2546 apud
1816 2489 1987 2541 gram-

139 2573 357 2625 maticos
397 2574 436 2623 εἰ
472 2575 538 2641 μή
579 2573 679 2638 (ἐὰν
719 2573 813 2640 μή)
854 2576 970 2640 post
1008 2570 1302 2636 negativam
1340 2565 1610 2638 apodosim
1647 2562 1845 2614 illatum
1885 2575 1987 2610 non

140 2659 375 2713 ultimum
399 2660 569 2714 locum
597 2660 810 2712 obtinet.
870 2656 1033 2719 Quam
1062 2657 1311 2709 rationem
1333 2656 1384 2706 in
1406 2651 1657 2723 prioribus
1678 2645 1988 2701 dictionibus

139 2741 364 2813 iniimus,
411 2751 467 2798 ut
515 2745 727 2798 verbum
767 2742 1019 2796 excidisse
1058 2757 1304 2809 negemus
1344 2739 1764 2802 enuntiatumque
1799 2733 1988 2800 imper-

139 2831 331 2884 fectum
358 2848 422 2884 ex
460 2832 816 2900 antiquissimo
855 2846 950 2882 usu
988 2834 1244 2881 servatum
1284 2841 1398 2879 esse
1437 2820 1826 2884 contendamus,
1866 2833 1988 2869 ean-

141 2915 260 2970 dem
280 2933 416 2970 nunc
441 2924 690 2970 tenemus.
738 2913 842 2968 Sed
868 2912 1198 2966 nihilominus
1225 2911 1292 2963 ad
1320 2905 1698 2963 condicionalia
1725 2903 1991 2957 enuntiata

141 3002 239 3056 hae
258 3002 507 3056 formulae
527 3003 805 3072 pertinent,
817 3017 933 3054 cum
952 2997 1218 3067 apodosim
1229 3002 1364 3049 stare
1386 3011 1488 3048 non
1509 3008 1662 3062 posse
1683 2990 1990 3059 exprimant,

141 3089 241 3142 nisi
286 3088 511 3142 exclusio
558 3087 752 3158 protasi
797 3085 1091 3152 significata
1135 3097 1442 3152 praegressa
1486 3078 1651 3131 fuerit.
1725 3074 1900 3142 Itaque
1938 3073 1991 3123 in

142 3173 271 3243 Equ.
311 3190 384 3227 VS.
425 3175 541 3227 994.
583 3174 803 3246 ἁρμονίαν
845 3173 867 3222 ὁ
907 3176 1012 3226 παῖς
1049 3169 1180 3224 οὗτος
1218 3167 1269 3218 οὐ
1308 3167 1494 3217 δύναται
1531 3164 1714 3232 μαθεῖν,

581 3263 639 3330 ἢν
679 3263 746 3330 μὴ
785 3257 1111 3330 common-trior
1289 3305 1301 3313 ,

145 3350 402 3404 sententia
438 3348 708 3418 apodosis:
747 3363 962 3417 puerum
998 3342 1322 3397 harmoniam
1361 3339 1630 3394 addiscere
1674 3351 1777 3389 non
1822 3347 1992 3402 posse,

145 3451 248 3488 non
303 3451 425 3488 vera
469 3439 548 3488 est
589 3433 688 3487 nisi
734 3431 1000 3501 exceperis
1048 3445 1181 3493 eam,
1232 3443 1363 3494 quae
1410 3439 1623 3478 munera
1669 3420 1836 3476 refert.
1910 3415 1998 3470 Fit
