2266 3722
999 105 1347 155 -24-

265 271 337 323 Pl.
371 287 438 321 vs.
467 269 582 319 510.
624 268 661 316 εἰ
697 267 784 333 γάρ
823 265 845 313 ὁ
874 262 1088 315 Πλοῦτος
1115 259 1299 326 βλέψειε
1324 258 1459 306 πάλιν
1486 257 1745 323 διανείμειέν
1771 274 1796 305 τ
1818 257 1917 306 ἴσον
1944 255 2097 316 αὑτὸν,

616 354 719 402 οὔτε
757 351 923 418 τέχνην
963 350 1017 396 ἂν
1055 351 1147 396 τῶν
1179 345 1441 414 ἀνθρώπων
1468 343 1562 394 οὔτ’
1590 346 1644 393 ᾰν
1672 344 1836 413 σοφίαν
1863 343 2097 412 μελετῴη.

265 438 575 493 Verberandi
613 438 745 490 actio
782 451 886 488 non
922 433 1090 486 minus
1128 429 1409 501 praecedat
1434 445 1646 482 necesse
1684 436 1763 482 est
1788 427 2099 496 obloquendi

262 525 464 588 actioni,
492 539 641 591 quam
668 517 912 574 cernendi
938 516 1159 570 facultas
1186 515 1451 568 hominum
1480 513 1725 566 desidiae.
1800 512 1857 565 In
1885 522 2100 580 utraque

263 609 518 662 sententia
554 604 805 676 particula
840 605 895 653 ἄν
933 601 1195 671 repetitur,
1236 615 1366 668 quae
1404 599 1616 667 repetio,
1655 605 1711 650 ut
1748 598 2100 664 negationum,

262 696 312 747 in
351 701 495 762 parte
532 693 834 755 sententiae,
871 687 925 740 id
964 684 1101 755 quod
1126 686 1179 737 in
1217 684 1437 738 alterum
1473 683 1769 751 exemplum
1808 682 1963 748 cadit,
2000 682 2101 735 fre-

264 777 600 848 quentissima
644 780 735 840 est,
782 772 875 827 sed
917 771 1180 825 rarissime
1225 770 1280 822 in
1325 769 1572 838 protasim
1620 767 1841 820 truditur
1885 768 2104 836 repetita

263 862 528 934 particula,
567 875 696 928 quae
734 865 812 912 est
838 855 1100 927 apodosis.
1173 853 1327 923 Apud
1353 852 1753 921 Aristophanem
1792 851 1943 904 huius
1981 869 2103 905 usus

265 947 559 1016 consopitae
609 943 889 1013 particulae
943 944 1014 1008 ἄν,
1072 955 1223 1008 quem
1278 940 1331 990 in
1378 937 1600 990 formula
1638 937 1793 1010 ὥσπερ
1839 939 1893 987 ᾶν
1932 938 1971 987 εἰ
2015 935 2103 1003 (ab

264 1032 603 1101 Aristophane
642 1046 743 1095 non
782 1026 1035 1094 adhibita)
1063 1023 1480 1079 animadvertunt
1506 1025 1845 1091 grammatici,
1885 1023 2101 1076 alterum

265 1117 553 1186 exemplum
591 1122 759 1168 exstat
794 1114 847 1164 in
885 1112 1003 1181 Lys.
1044 1128 1114 1164 vs.
1157 1110 1278 1161 113.

359 1202 447 1271 ἐγὼ
475 1201 555 1270 μὲν
582 1203 635 1251 ᾶν
663 1200 989 1267 (καταλύσαιμι
1014 1198 1091 1248 τὸν
1118 1195 1342 1263 πολεμον)
1369 1197 1454 1245 κᾶν
1481 1196 1520 1245 εἴ
1546 1213 1604 1261 με
1629 1196 1763 1266 χρείη
1789 1195 2068 1262 τοῦγκυκλον

357 1291 478 1342 τουτὶ
513 1289 792 1339 καταθεῖσαν
832 1286 992 1336 ἐκπιεῖν
1033 1284 1315 1354 αὐθημερόν.

267 1379 500 1431 Ceterum
525 1376 577 1427 in
603 1374 700 1426 hoc
725 1389 912 1440 genere
938 1370 1153 1424 totidem
1174 1369 1559 1439 ,praepositivae
1587 1374 1709 1435 quot
1734 1367 2109 1437 postpositivae

265 1461 503 1532 apodosis
540 1457 778 1526 exempla
813 1457 1061 1523 leguntur.

401 1546 715 1612 Quamquam
746 1544 796 1594 in
829 1542 1064 1594 omnibus
1093 1538 1528 1593 condicionalium
1551 1538 1953 1605 enuntiatorum,
1975 1553 2106 1606 quae

266 1631 626 1695 recensuimuS,
654 1627 924 1695 generibus
951 1625 1048 1679 hoc
1084 1623 1276 1677 illudve
1315 1623 1610 1693 exemplum
1646 1625 1720 1676 ita
1753 1611 2116 1693 comparatum

269 1723 392 1784 erat,
430 1723 484 1768 ut
509 1714 671 1767 altera
706 1728 927 1782 persona
961 1710 1212 1781 protasim
1239 1709 1403 1763 altera
1441 1707 1712 1778 apodosim
1740 1710 2111 1777 pronuntiaret,

269 1812 440 1857 tamen
475 1802 528 1852 in
565 1799 662 1852 hoc
699 1813 887 1865 genere
925 1796 1130 1865 saepius
1170 1793 1374 1861 accidit,
1413 1801 1468 1847 ut
1502 1799 1593 1847 aut
1619 1793 1862 1862 apodosis
1900 1795 2110 1848 verbum

272 1889 530 1942 omittatur
569 1885 660 1950 (ex
706 1882 914 1935 alterius
959 1897 1195 1934 sermone
1240 1878 1603 1949 repetendum)
1650 1884 1741 1932 aut
1794 1880 1927 1933 inter
1983 1879 2110 1933 duas

272 1987 516 2044 personas
554 1967 808 2022 dividatur
845 1967 1025 2020 orati0.
1099 1964 1195 2019 Est
1240 1964 1370 2018 haec
1407 1981 1511 2018 non
1554 1964 1803 2018 vilissima
1838 1965 1968 2018 ratio
2014 1981 2114 2034 qua

274 2058 495 2112 comicus
532 2062 734 2124 praeter
772 2052 1214 2121 exspectationem
1253 2057 1304 2103 et
1327 2049 1676 2119 lepidissimas
1715 2067 1796 2103 res
1822 2049 2022 2104 inducit
2058 2056 2113 2104 et

275 2144 556 2196 orationem
605 2137 902 2191 viridiorem
951 2135 1134 2190 reddit.
1211 2135 1516 2204 Plerumque
1561 2133 1767 2201 iudicio,
1814 2135 1951 2204 quod
2001 2137 2112 2204 quis

276 2228 496 2297 optativo
535 2241 649 2278 cum
688 2226 742 2274 ἄν
779 2226 951 2276 iuncto
991 2221 1200 2291 profert,
1239 2220 1367 2274 alter
1406 2219 1762 2274 condicionem
1801 2220 1974 2289 adicit,
2014 2239 2112 2291 quo

278 2315 346 2379 fit,
384 2320 438 2365 ut
474 2311 631 2364 altero
668 2310 782 2362 loco
821 2309 926 2361 fere
964 2322 1167 2375 semper
1203 2306 1425 2374 protasis
1465 2304 1836 2359 condicionalis
1874 2311 2113 2376 ponatur,

279 2397 428 2450 velut.
452 2395 523 2448 Pl.
563 2412 634 2447 vs.
677 2395 827 2446 1036.
873 2393 968 2445 An.
998 2393 1069 2442 διά
1094 2391 1336 2442 δακτυλίου
1363 2390 1444 2457 μὲν
1479 2390 1556 2441 οὖν
1590 2390 1672 2458 ἐμέ
1697 2391 1738 2459 γ’
1760 2394 1814 2442 ἂν
1840 2393 2110 2451 διελκύσαις.

861 2478 974 2531 Chr.
1014 2480 1052 2529 εἰ
1089 2483 1300 2547 τυγχάνοι
1337 2475 1425 2545 γ’ὁ
1463 2478 1704 2535 δακτύλιος
1742 2479 1808 2529 ὧν
1846 2482 2001 2548 τηλία.

282 2566 538 2622 Particula
575 2585 624 2633 γε
669 2565 971 2618 affirmative
1027 2564 1143 2616 huic
1190 2564 1420 2617 membro
1477 2563 1655 2617 addita
1699 2573 1793 2632 est,
1850 2568 1994 2622 cuius
2037 2570 2113 2623 vis

283 2663 452 2708 nostro
481 2667 714 2707 sermone
741 2650 1036 2718 praeposita
1061 2665 1184 2702 voce
1227 2649 1338 2717 „ja“
1382 2650 1699 2717 exprimitur.
1763 2651 2020 2720 Apodosis
2049 2671 2114 2707 ex

283 2741 488 2792 alterius
526 2752 759 2790 sermone
799 2732 1070 2786 formanda
1107 2740 1210 2786 est:

285 2824 412 2878 Nub.
453 2840 525 2876 vs.
565 2823 679 2873 749.
718 2826 906 2887 γυναῖκα
945 2818 1193 2889 φαρμακίδ’
1217 2820 1255 2870 εἰ
1292 2824 1536 2890 πριάμενος
1575 2819 1816 2889 Θετταλὴν

720 2907 961 2973 καθέλοιμι
999 2907 1174 2976 νύκτωρ
1213 2906 1296 2973 τὴν
1336 2907 1555 2974 σελήνην,
1596 2907 1692 2957 εἶτα
1730 2907 1780 2958 δὲ

722 2994 865 3061 αὐτὴν
904 2984 1195 3063 καθείρξαιμ’
1236 2993 1285 3049 ἐς
1321 2994 1509 3062 λοφεῖον
1550 2995 1839 3064 στρογγύλον,

699 3081 876 3151 ·ὧσπερ
915 3086 1180 3151 κάτοπτρον,
1222 3082 1339 3130 κᾶτα
1376 3082 1564 3150 τηροίην
1604 3082 1741 3151 ἔχων,

538 3167 676 3219 Socr.
717 3170 756 3217 τί
793 3169 909 3235 δῆτα
947 3166 1068 3217 τοῦτ’
1108 3170 1163 3216 ἂν
1203 3167 1491 3237 ὠφελήσειέν
1531 3166 1591 3231 σ’;
1630 3168 1727 3220 Str.
1767 3171 1852 3238 ὃτι;

727 3255 764 3303 εἰ
801 3251 961 3320 μηκέτ’
1003 3254 1249 3303 ἀνατέλλοι
1288 3255 1466 3322 σελήνη
1508 3256 1740 3323 μηδαμοῦ,

727 3340 806 3390 οὐκ
845 3343 899 3388 ἀν
940 3341 1155 3406 ἀποδοίην
1194 3339 1298 3396 τοὺς
1336 3344 1509 3397 τόκους.
