2266 3722
979 145 1322 196 -46-

233 307 312 356 ἑάν
350 305 624 373 ἀναβλέψῃς
661 303 716 353 σὺ
754 302 829 352 καὶ
867 301 946 351 ἐάν
986 300 1261 369 ἀναβλέψῃς
1298 300 1456 371 μικρὸν
1493 303 1672 372 χρόνον.
1738 298 1820 350 Ad
1857 296 1972 363 hoc,
2011 295 2078 350 de

233 407 329 459 quo
368 392 585 458 agimus,
623 387 828 441 dicendi
866 402 1028 453 genus
1053 387 1317 454 pertinent
1341 401 1493 454 porro
1527 387 1803 439 coniuncta
1827 383 2080 437 vocabula

229 478 353 546 πλὴν
392 479 443 537 εἰς
484 491 630 543 quae,
674 475 716 527 si
762 471 968 526 codices
1014 472 1335 541 respicimus,
1383 471 1459 525 bis
1497 471 1636 542 apud
1673 468 2078 539 Aristophanem

230 564 503 617 habentur:

228 650 321 701 Av.
351 665 420 701 vs.
448 648 564 699 601.
613 645 757 702 οὐδεὶς
784 645 900 696 οἶδεν
921 645 1000 695 τὸν
1028 644 1268 716 θησαυρὸν
1289 644 1366 695 τὸν
1396 643 1508 712 ἐμὸν
1529 644 1659 712 πλὴν
1687 644 1810 701 εἴτις
1830 641 1904 715 ἄρ’
1936 644 2071 715 ὄρνις.

229 734 428 789 Thesm.
462 752 530 788 vs.
561 735 678 785 531.
719 732 831 784 ἀλλ’
854 733 905 784 οὐ
944 738 1029 805 γάρ
1069 733 1162 783 ἐστι
1199 737 1292 783 τῶν
1332 732 1645 802 ἀναισχύντων
1684 733 1817 803 φύσει
1853 736 2077 799 γυναικῶν

715 820 844 872 οὐδὲν
882 825 1038 871 κάκιον
1079 821 1142 877 εἰς
1181 822 1361 871 ἅπαντα
1399 819 1524 888 πλὴν
1564 818 1638 891 ἄρ’
1679 821 1717 870 εἴ.
1752 824 1975 888 γυναῖκες.

229 908 515 961 Scholiasta
559 909 742 977 prioris
780 925 956 961 versus
995 924 1061 960 ex
1097 912 1272 961 vetere
1308 907 1582 977 proverbio
1627 907 1775 964 οὐδείς
1811 926 1870 975 με
1907 908 2078 979 θεωρεῖ

228 996 349 1064 πλὴν
412 997 434 1046 ὁ
496 1000 830 1066 παριπτάμενος
893 996 1012 1067 ὄρνις
1073 1000 1283 1063 poetam
1353 1011 1558 1047 versum
1628 994 1841 1048 finxisse
1906 993 2074 1048 docet.

230 1082 373 1144 Quod
399 1084 461 1135 -in
500 1084 767 1152 proverbio
794 1082 1050 1152 particula
1085 1083 1210 1152 πλήν
1249 1097 1430 1136 vocem
1470 1083 1508 1133 εἰ
1545 1099 1649 1136 non
1675 1082 1893 1137 adscivit
1918 1082 2076 1137 docu-

228 1175 397 1222 mento
443 1176 537 1237 est,
583 1186 737 1237 quam
782 1175 936 1223 tenue
982 1168 1262 1223 discrimen
1308 1170 1442 1222 inter
1488 1175 1758 1238 utramque
1795 1169 2075 1224 dictionem

227 1255 396 1320 suerit3
437 1254 530 1308 sed
568 1271 719 1308 nemo
757 1256 1026 1324 positionis
1054 1257 1157 1309 vim
1183 1255 1438 1325 particula
1475 1256 1514 1306 εἰ
1553 1253 1726 1309 afferri
1762 1272 1865 1310 non
1903 1256 2074 1310 sentit.

227 1340 528 1409 Meinekius‚
567 1358 667 1410 qua
703 1348 814 1395 erat
851 1343 1103 1397 sermonis
1141 1343 1318 1410 graeci
1356 1343 1549 1397 eximia
1593 1343 1829 1412 scientia,
1875 1342 2075 1397 duobus

225 1426 301 1479 his
339 1427 465 1480 locis
503 1426 722 1480 addidit:
783 1418 786 1422 ’

226 1510 283 1565 N.
312 1529 382 1566 VS.
419 1513 534 1565 360.
576 1514 626 1564 οὐ
665 1516 749 1586 γάρ
790 1515 844 1565 ἀν
884 1516 1022 1586 ἄλλῳ
1060 1514 1101 1584 γ’
1125 1514 1463 1585 ὑπακούσαιμεν
1487 1558 1496 1568 .
1523 1557 1532 1567 .
1560 1557 1571 1567 .
1605 1516 1730 1586 πλὴν
1769 1518 1801 1586 ἢ
1839 1516 2072 1589 Προδίκῳ.

415 1601 531 1652 734.
572 1600 714 1672 (ἔχεις
752 1602 836 1671 τις)
879 1603 974 1656 Str.
1016 1604 1144 1654 οὐδέν
1182 1623 1234 1673 γε
1271 1604 1395 1673 πλὴν
1435 1605 1467 1673 ἢ
1505 1605 1557 1655 τὸ
1596 1607 1705 1662 πέος
1744 1605 1792 1656 ἐν
1829 1613 1894 1673 τῇ
1930 1596 2073 1674 δεξιᾷ.

226 1685 439 1740 Codices
500 1690 552 1740 in
613 1691 737 1759 πλὴν
793 1692 824 1759 ἤ
884 1693 1224 1747 consentiunt.
1319 1691 1640 1761 Quamquam
1702 1693 1949 1747 correctio
2013 1708 2078 1746 ea

225 1781 316 1840 est,
379 1793 512 1843 quae
572 1778 730 1831 fidem
788 1779 936 1832 nobis
993 1778 1166 1833 facere
1221 1780 1386 1850 possit
1442 1780 1521 1848 (et
1578 1780 1805 1834 Kockius
1868 1779 2075 1850 quidem

225 1858 537 1915 Meinekium
571 1872 781 1918 secutus
820 1865 937 1932 est),
975 1871 1151 1919 tamen
1178 1882 1293 1919 eam
1320 1865 1553 1920 inutilem
1581 1865 1771 1920 iudic0.
1827 1865 2074 1920 Pleonas-

224 1962 362 1998 mum
401 1949 553 2016 enim,
595 1967 744 2018 quem
773 1957 974 2018 vocant,
1014 1952 1284 2005 verborum
1321 1952 1446 2022 πλὴν
1485 1954 1517 2022 ἤ
1563 1954 1691 2006 satis
1721 1953 1854 2006 tueri
1889 1969 2073 2023 possu-

225 2051 336 2087 mus
384 2035 642 2090 simillimo
688 2038 1055 2107 particularum
1094 2039 1242 2108 ἀλλ’ἢ
1283 2057 1394 2107 usu,
1440 2039 1584 2093 velut
1628 2039 1758 2092 Plat.
1799 2039 1950 2109 Apol.
1989 2041 2073 2093 34.

222 2123 320 2172 τίνα
359 2124 506 2174 ἄλλον
553 2125 704 2194 έχουσι
742 2127 879 2194 λόγον
926 2126 1211 2196 βοηθοῦντες
1257 2127 1358 2195 ἐμοὶ
1418 2126 1566 2195 ἀλλ’ἢ
1605 2127 1683 2177 τὸν
1723 2127 1865 2199 ὀρθόν
1905 2145 1955 2178 τε
1997 2127 2075 2178 καὶ

223 2210 405 2271 δίκαιον,
449 2214 512 2262 ὅτι
551 2213 653 2263 κτλ.
707 2212 912 2267 Deinde
938 2215 1149 2283 paulum
1178 2215 1328 2267 aliter
1366 2215 1699 2284 exceptiones
1738 2218 2074 2284 comparatae

223 2306 339 2349 sunt
376 2304 526 2367 atque
563 2300 614 2351 in
654 2301 907 2369 prioribus
935 2302 1166 2355 versibus
1194 2307 1261 2368 et,
1300 2302 1398 2355 nisi
1425 2318 1508 2354 me
1534 2300 1682 2368 fallit,
1721 2298 1852 2354 Nub.
1874 2318 1947 2355 vs,
1971 2302 2074 2353 734

223 2384 462 2450 positioni
502 2402 593 2453 per
628 2385 936 2454 particulam
977 2388 1015 2438 εἰ
1052 2386 1314 2441 indicatae
1350 2403 1561 2457 prorsus
1600 2386 1899 2454 refragatur.

363 2469 451 2523 Sat
483 2473 714 2538 angustis
741 2473 925 2527 finibus
953 2473 1090 2544 apud
1118 2473 1517 2544 Aristophanem
1545 2474 1666 2546 εἴπερ
1706 2490 1815 2526 ποτε
1842 2475 2071 2545 (πώποτε)

224 2563 273 2608 et
318 2559 354 2608 εἴ
400 2577 464 2615 τις
510 2561 659 2616 ἀλλος
705 2561 811 2614 sive
857 2563 978 2633 εἴπερ
1026 2580 1091 2618 τις
1138 2562 1289 2618 ἀλλος
1335 2562 1728 2631 circumscripta
1784 2567 1918 2616 Sunt.
1994 2562 2072 2616 Ac

222 2645 439 2712 primum
487 2646 693 2714 quidem
739 2649 860 2719 εἴπερ
907 2667 971 2706 τις
1017 2650 1166 2706 ἄλλος
1213 2665 1304 2717 pro
1355 2648 1666 2717 superlativo
1705 2648 1980 2702 adhibetur
2017 2651 2070 2702 in

223 2729 358 2785 Eecl.
386 2750 452 2786 vs.
481 2735 560 2786 79.
588 2735 645 2802 νὴ
672 2736 748 2785 τὸν
777 2738 860 2787 Δία
885 2738 961 2787 τὸν
990 2736 1163 2809 σωτῆρ’
1192 2737 1441 2806 ἐπιτήδειός
1461 2735 1502 2805 γ’
1525 2735 1579 2787 ἄν
1605 2736 1663 2805 ἦν
1692 2737 1785 2805 (sc.
1815 2738 1838 2788 ὁ
1864 2738 2071 2806 Λαμίας)

587 2822 667 2874 81.
709 2824 831 2894 εἴπερ
870 2843 935 2881 τις
973 2825 1123 2881 ἄλλος
1162 2824 1401 2892 βουκολεῖν
1438 2825 1489 2874 τὸ
1529 2825 1706 2893 δήμιον.

223 2903 351 2956 Cum
397 2906 462 2958 ad
508 2907 876 2963 adiectivorum
922 2912 1026 2964 vim
1071 2911 1363 2979 augendam
1411 2911 1668 2966 conferret
1705 2912 1744 2962 εἴ
1788 2930 1853 2969 τις
1899 2910 2068 2975 ἄλλος,

222 2991 387 3059 ipsum
429 3009 542 3045 cum
583 2994 873 3064 adiectivis,
905 2997 973 3050 ad
999 3015 1129 3067 quae
1157 2998 1487 3053 referendum
1525 3005 1619 3066 est,
1657 2998 1976 3067 flectebatur,
2015 3006 2072 3054 ut

223 3077 391 3130 elucet
428 3095 490 3130 ex
531 3078 662 3132 Pluti

387 3181 458 3216 vs.
499 3165 615 3216 653.
657 3165 721 3222 ὡς
758 3169 844 3239 γάρ
882 3169 1058 3240 τάχιστ’
1082 3172 1348 3241 ἀφικόμεθα
1386 3171 1499 3242 πρὸς
1536 3171 1614 3221 τὸν
1652 3171 1763 3222 θεὸν

645 3255 831 3320 ἄγοντες
869 3257 1013 3327 ἄνδρα
1051 3262 1154 3309 τότε
1193 3258 1276 3327 μέν
1317 3259 1627 3320 ἀθλιώτατον,

645 3346 722 3390 νῦν
762 3340 802 3391 δ’
843 3343 881 3393 εἴ
919 3342 999 3394 τιν’
1040 3346 1189 3397 ἄλλον
1228 3351 1451 3418 μακάριον
1490 3347 1782 3415 κεύδαίμονα,

648 3434 826 3498 πρῶτον
867 3430 948 3497 μὲν
989 3432 1124 3484 αὐτὸν
1163 3434 1234 3484 ἐπὶ
1272 3435 1516 3486 θάλατταν
1554 3435 1743 3503 ἤγομεν.
