2266 3722
953 191 1291 240 ,57-

203 351 442 423 Euelpidi
473 349 695 411 miranti,
718 347 850 415 quod
881 363 1001 398 aves
1030 344 1275 396 ministris
1302 341 1583 407 indigeant,
1607 354 1809 408 upupae
1830 334 2050 388 famulus

203 437 314 490 her-i
350 434 592 489 libidines
619 439 815 484 narrat:
856 431 908 482 Si
948 446 1110 499 apuas
1138 426 1412 481 comedere
1436 425 1559 489 vult,
1587 440 1733 476 curro
1773 421 1838 474 ad
1873 436 2051 489 apuaS,

203 523 246 576 si
290 521 484 591 pultem
532 516 810 581 desiderat,
859 516 1041 567 iterum
1090 512 1210 564 mihi
1262 509 1567 568 currendum
1617 519 1694 560 est
1788 507 1955 572 Atque
2001 505 2052 554 in

204 624 277 659 vs.
306 606 373 656 76
411 620 503 673 pro
541 604 647 652 τοτέ
673 618 705 653 a
728 601 872 652 libris
912 597 1277 665 manuscriptis
1303 595 1491 648 tradito
1533 592 1819 645 Meinekius
1860 589 2053 658 protasi

203 690 524 761 paratactica
568 687 740 740 deleta
783 702 885 737 non
933 683 1153 735 debebat
1199 682 1274 730 ὅτε
1313 681 1608 732 coniectura
1665 692 1870 745 ponere.
1947 672 2053 724 Ad-

205 774 413 829 modum
462 770 798 826 memorabile
838 778 929 834 est,
971 786 1042 820 vs.
1084 773 1109 812 7
1119 769 1149 818 8
1191 766 1449 835 duplicem
1498 763 1741 832 protasim
1784 758 2056 828 paratacti-

206 877 321 914 cam
362 859 629 924 contineri,
669 858 812 910 cuius
853 855 1107 908 rationem
1147 853 1222 904 sic
1248 852 1421 903 animo
1460 848 1736 900 informare
1763 858 2055 913 possumus:

206 948 362 1003 ἔτνους
417 946 642 1011 ἐπιθυμεῖ,
708 944 773 993 δεῖ
816 941 1010 1011 τορύνης
1055 938 1130 988 καὶ
1173 934 1468 1007 χύτραςζὶῧεῖ
1513 933 1706 1003 τορύνης
1751 930 1826 980 καὶ
1868 930 2056 998 χύτρας,

206 1037 359 1106 τρέχω
406 1032 477 1083 ἐπὶ
521 1033 729 1102 τορύνην.
807 1027 902 1089 Qui
948 1030 1188 1077 accurate
1234 1023 1370 1074 hunc
1426 1020 1594 1073 locum
1644 1015 2059 1077 consideraverit,

205 1120 470 1191 Blaydesii
496 1120 699 1184 signum
725 1112 1142 1179 interrogationis
1169 1111 1324 1165 ἔτνους
1361 1108 1595 1173 ἐπιθυμεῖς
1635 1101 2059 1157 absurdissimum

208 1225 324 1261 esse
361 1205 640 1271 intelleget.
719 1202 978 1269 Sequitur:

377 1291 467 1344 Th.
509 1307 580 1343 vs.
619 1290 738 1340 405.
778 1291 939 1353 κάμνει
975 1287 1092 1354 κόρη
1131 1302 1210 1341 τις,
1251 1280 1392 1337 εὐθὺς
1430 1279 1636 1348 ἁδελφὸς
1672 1278 1810 1342 λέγει·

623 1376 725 1427 407
768 1415 778 1425 .
821 1415 831 1424 .
875 1413 885 1423 .
926 1375 1037 1440 γυνή
1065 1390 1130 1427 τις
1158 1369 1477 1437 ὑποβαλέσθαι
1516 1366 1729 1433 βούλεται

777 1463 1015 1531 ἀποροῦσα
1052 1459 1241 1518 παίῧων,
1283 1454 1388 1506 οὐδὲ
1425 1452 1547 1504 τοῦτ’
1571 1453 1688 1502 ἐστιν
1725 1450 1906 1500 λαθεῖν.

210 1552 377 1606 Locus
425 1568 488 1603 ex
535 1549 806 1601 mulierum
855 1548 919 1600 de
969 1544 1233 1613 Euripide,
1281 1544 1504 1594 virorum
1552 1545 1867 1606 corruptore,
1915 1549 2066 1585 accu-

212 1636 495 1690 sationibus
552 1639 788 1703 sumptus
846 1643 937 1684 est.
1023 1631 1131 1693 Quo
1189 1629 1395 1699 planius
1454 1621 1829 1678 condicionalis
1886 1619 2066 1670 horum

212 1738 451 1775 versuum
501 1736 682 1772 sensus
728 1725 979 1786 appareat
1026 1732 1122 1767 nec
1170 1730 1272 1765 non
1319 1711 1383 1763 de
1432 1707 1694 1777 Blaydesii
1741 1703 2071 1757 distinctione

214 1813 374 1875 κάμνει
412 1809 529 1877 κόρη
566 1822 656 1869 τις;
701 1803 918 1856 iudicari
967 1801 1143 1870 possit,
1192 1814 1384 1862 verSUS,
1437 1796 1520 1863 qui
1570 1791 1898 1855 antecedunt,
1957 1804 2072 1856 per-

213 1895 382 1949 scribo
421 1893 542 1945 inde
581 1908 612 1943 a
818 1906 891 1940 VS.
931 1888 1035 1939 400
1209 1886 1288 1936 ἐάν
1327 1886 1465 1952 μόνον
1503 1881 1657 1947 πλέκῃ

554 1980 667 2047 γυνὴ
706 1979 950 2047 στέφανον,
991 1975 1099 2045 ἐρᾶν
1137 1975 1258 2024 δοκεῖ
1282 1990 1292 2000 ·
1315 1974 1400 2022 κᾶν
1439 1969 1622 2036 ἐκβάλῃ

553 2068 718 2121 σκεῦός
755 2082 795 2113 τι
832 2063 953 2113 κατά
989 2061 1074 2129 τὴν
1113 2062 1253 2112 οἰκίαν
1291 2058 1593 2124 πλανωμένη,

557 2153 675 2225 ἁνὴρ
712 2150 865 2224 ἐρωτᾷ
903 2151 1004 2201 κτλ.

216 2244 261 2297 Α
300 2242 600 2295 mulieribus
640 2255 840 2309 quoque
877 2236 1135 2306 profertur
1173 2231 1467 2301 exemplum
1508 2230 1557 2280 in
1598 2226 1738 2279 Eccl.
1779 2241 1850 2275 vs.
1895 2220 2016 2271 179:

471 2328 728 2398 ἐπέτρέψας
765 2325 908 2395 ἑτέρῳ
934 2340 944 2350 ·
967 2318 1140 2372 πλείον’
1163 2320 1226 2369 ἔτι
1262 2320 1419 2389 δράσει
1456 2320 1593 2366 κακά.

219 2417 615 2485 Conqueruntur
661 2412 726 2465 de
773 2410 1011 2462 malificis
1059 2408 1130 2460 rei
1179 2405 1417 2475 publicae
1465 2399 1805 2471 praesidibuS,
1863 2408 2073 2462 quorum

218 2503 348 2556 alius
394 2501 496 2554 alio
543 2500 687 2568 peior
726 2498 811 2563 sit,
850 2503 920 2562 ut,
961 2495 1002 2546 si
1051 2493 1147 2545 hoc
1186 2493 1351 2544 eiecto
1398 2489 1486 2541 alii
1524 2483 1896 2553 rempublicam
1936 2495 2078 2531 com-

219 2589 439 2653 miseris,
500 2585 652 2656 plura
714 2583 866 2635 etiam
931 2579 1072 2632 mala
1132 2578 1361 2630 facturus
1418 2575 1498 2627 sit.
1592 2569 1724 2624 Num
1786 2569 1836 2619 in
1895 2563 2078 2617 eadem

221 2675 546 2739 Praxagorae
603 2670 836 2722 oratione
883 2683 980 2719 vss.
1048 2665 1144 2715 197
1197 2679 1306 2730 sqq,
1353 2660 1537 2728 quibus
1585 2671 1789 2710 crassae
1834 2651 2080 2704 tenebrae

220 2760 416 2815 offusae
472 2763 606 2822 sunt,
655 2769 834 2807 omnes
890 2751 989 2802 huc
1038 2746 1292 2801 referendi
1341 2746 1458 2810 sint,
1504 2744 1556 2795 in
1605 2739 1915 2794 obscuritate
1962 2753 2079 2789 sen-

220 2847 414 2900 tentiae
452 2840 671 2913 pendeo.

363 2929 421 2983 In
466 2935 682 2995 utroque
730 2924 998 2977 enuntiato
1045 2919 1291 2989 primario
1342 2913 1695 2983 exemplorum
1745 2925 1874 2977 quae
1914 2905 2082 2959 adbuc

222 3015 666 3089 perlustravimuS,
701 3009 1010 3062 indicativus
1037 3005 1244 3071 legitur-3
1284 3017 1442 3053 unum
1490 3006 1657 3052 exstat
1695 2993 1991 3062 exemplum
2029 2991 2082 3042 in

224 3121 323 3174 quo
349 3100 690 3155 indicativum
721 3095 915 3163 excipit
941 3091 1198 3162 optativus
1226 3105 1340 3141 cum
1369 3089 1425 3137 ἄν
1452 3083 1707 3154 particula
1733 3079 2081 3134 consociatus:

225 3189 286 3246 N.
315 3189 389 3244 vs.
420 3187 570 3240 1416.
616 3188 781 3256 φήσεις
817 3179 1096 3248 νομίζεσθαι
1134 3176 1189 3228 σὺ
1227 3176 1385 3232 παιδὸς
1422 3179 1555 3224 τοῦτο
1592 3171 1780 3242 τοῦργον
1820 3169 1930 3218 εἶναι
1953 3183 1964 3194 ·

609 3271 700 3340 ἐγὼ
738 3272 788 3322 δέ
825 3267 865 3336 γ’
890 3262 1136 3333 ἀντείποιμ’
1160 3267 1232 3325 ἂν,
1273 3263 1339 3319 ὡς
1374 3262 1443 3318 δὶς
1478 3261 1634 3315 παῖδες
1672 3259 1712 3308 οἱ
1748 3259 1972 3327 γέροντες.

227 3359 566 3432 Phidippides
604 3359 737 3429 patri
777 3356 982 3426 pulsato
1022 3355 1131 3405 iure
1171 3368 1287 3404 eum
1327 3349 1484 3420 plecti
1521 3347 1985 3409 demonstraturus,
2025 3343 2085 3407 si,

227 3449 408 3519 inquit,
436 3445 581 3499 dicas
621 3459 764 3497 more
791 3446 1057 3510 receptum
1101 3455 1215 3491 esse
1244 3444 1297 3489 ut
1335 3452 1462 3504 puer
1487 3433 1756 3502 plectatur,
1786 3446 1880 3495 ego
1909 3435 2087 3482 contra
