2266 3722
1060 131 1410 181 -26-

306 296 411 336 1010
474 287 621 351 vulgo
673 285 859 350 edunt)
918 284 1137 338 offendit
1183 296 1233 337 et
1280 286 1421 337 nulla
1470 289 1667 341 ratione
1711 289 1869 340 allata
1914 290 1953 338 τί
2002 289 2159 357 δῆτ’ἄν

306 371 491 438 requiri
550 371 718 439 ponit3
771 386 960 438 nempe
1007 386 1071 421 ex
1119 369 1256 422 illius
1304 372 1562 424 sententia
1606 390 1719 426 cum
1768 381 1846 427 ter
1890 377 1930 425 τί
1966 375 2060 444 δῆτ’
2103 379 2158 427 ἄν

304 462 588 524 usurparet,
637 471 737 506 non
785 454 931 506 licuit
977 459 1157 522 quarto
1209 454 1323 507 loco
1372 455 1477 508 alia
1533 457 1738 511 dicendi
1795 460 2014 514 formula
2068 464 2158 516 uti.

305 539 408 593 Nos
457 548 636 592 contra
682 539 996 606 singularem
1045 555 1172 592 sane
1219 540 1463 609 apodosis
1511 544 1781 611 rationem,
1828 548 1971 600 cuius
2019 547 2159 600 aliud

304 625 598 695 exemplum
641 642 807 693 neque
847 624 984 694 apud
1011 625 1410 694 Aristophanem
1451 644 1617 696 neque
1655 630 1793 699 apud
1831 631 1959 686 alios
1997 634 2160 703 scrip-

304 722 439 765 tores
469 711 735 777 habemus,
763 709 1070 764 servandam
1099 727 1214 764 esse
1242 728 1529 766 censemus,
1604 713 1806 769 Priores
1832 717 2159 788 interpreteS,

305 799 388 866 qui
435 797 565 850 falso
611 798 772 848 οὔκουν
822 797 875 847 ἄν
923 797 1197 864 ἐμπέσοιμεν
1247 797 1518 866 apodosim
1571 816 1685 852 esse
1729 802 1996 870 putabant,
2044 821 2163 873 pro·

302 884 427 936 tasis
456 884 689 937 membra
713 884 981 953 particulis
1021 886 1103 951 μέν
1146 915 1206 921 --
1239 884 1289 933 δέ
1328 890 1468 936 01010
1495 885 1737 951 coniungi
1775 903 1880 939 non
1909 887 2159 942 viderunt.

305 967 574 1037 Optativus
632 970 809 1022 aoristi
865 970 916 1021 in
973 970 1168 1039 protasi
1228 970 1302 1021 ita
1363 968 1630 1037 praevalet
1684 978 1740 1022 ut
1800 972 1851 1023 in
1914 973 2164 1028 tredecim

304 1054 555 1123 exemplis
596 1055 896 1123 reperiatur,
937 1056 1195 1124 optativus
1234 1055 1525 1123 praesentis
1567 1059 1749 1122 quater
1787 1064 1968 1110 exstat.

444 1139 590 1202 Quod
612 1140 992 1208 aequabilitatis
1023 1141 1191 1193 studio
1222 1148 1430 1209 poetam
1464 1139 1645 1193 modos
1667 1157 1984 1211 exaequasse
2010 1161 2168 1214 supra

304 1225 527 1278 diximus
549 1228 617 1294 (p.
643 1224 714 1293 7),
743 1226 996 1293 imprimis
1021 1243 1084 1277 ex
1106 1243 1169 1277 ea
1193 1225 1340 1277 huius
1363 1226 1566 1292 generis
1589 1227 1967 1280 enuntiatorum
1990 1230 2166 1299 specie

305 1313 646 1378 cognoscitur,
705 1329 835 1379 quae
883 1312 933 1362 in
993 1311 1213 1380 apodosi
1260 1311 1547 1380 optativum
1605 1312 1893 1381 simplicem
1942 1314 2165 1368 exhibet.

304 1396 476 1450 Etiam
535 1398 585 1448 in
626 1398 797 1466 priore
847 1398 1021 1466 capite
1077 1397 1228 1466 plura
1273 1397 1490 1465 optativi
1540 1397 1594 1448 in
1650 1396 1870 1466 apodosi
1928 1400 2170 1470 exempla

305 1482 681 1548 adnotavimus,
732 1499 943 1550 quorum
994 1484 1214 1551 protasis
1259 1482 1596 1534 indicativum
1646 1485 1868 1536 servavit
1916 1483 1995 1553 (ut
2037 1484 2166 1554 Equ.

306 1585 375 1620 vs.
406 1569 509 1619 400
549 1570 586 1619 εἴ
626 1588 677 1619 σε
718 1568 783 1636 μὴ
825 1574 960 1635 μισῶ,
1003 1570 1217 1636 γενοίμην
1246 1569 1292 1618 έν
1320 1568 1546 1638 Κρατίνου
1573 1569 1780 1633 κώδιον);
1809 1587 1945 1623 nunc
1970 1576 2169 1624 utrum-

308 1675 403 1725 que
462 1658 750 1710 membrum
798 1657 1026 1725 optativo
1086 1656 1358 1725 profertur,
1413 1656 1557 1707 cuius
1614 1656 1666 1707 in
1722 1657 1916 1725 protasi
1973 1657 2168 1711 nullam

306 1760 515 1796 causam
542 1743 885 1813 perspicimus
914 1743 1011 1794 nisi
1052 1742 1339 1795 concinnae
1367 1741 1613 1794 orationis
1643 1741 1884 1794 studium.
1938 1741 2066 1795 Cum
2104 1760 2170 1797 ex

306 1829 432 1881 Ach.
474 1847 544 1882 vs.
586 1830 705 1880 476.
747 1826 924 1879 κάκιστ’
966 1829 1245 1896 ἀπολοίμην,
1296 1830 1333 1878 εἴ
1381 1830 1421 1878 τί
1468 1825 1752 1896 σ”αἱτήσαιμ’
1793 1829 1869 1879 ἔτι.
1948 1833 2058 1882 tum
2104 1846 2170 1883 ex

307 1917 430 1985 Equ.
475 1934 545 1968 VS.
589 1917 703 1968 694.
749 1919 786 1966 εἰ
817 1921 881 1986 μή
925 1915 1268 1983 σ’ἀπολέσαιμ’,
1312 1917 1350 1966 εἴ
1388 1935 1426 1966 τι
1465 1922 1556 1966 ’,ὧν
1598 1917 1751 1966 αὐτῶν
1791 1917 1893 1984 ἐμοὶ

748 2007 926 2074 ψευδῶν
968 2006 1106 2073 ἐνείη,
1146 2007 1400 2071 διαπέσοιμι
1439 2007 1671 2074 πανταχῆ.

307 2092 432 2144 11000
493 2094 620 2145 10110
678 2103 908 2162 apparet.
1005 2092 1269 2159 Paphlago
1329 2104 1554 2144 veterum
1623 2090 2010 2144 mendaciorum
2073 2089 2171 2143 sibi

308 2177 499 2246 aliquid
538 2179 708 2231 inesse
750 2195 852 2231 non
892 2179 1097 2245 ignorat
1124 2194 1288 2245 neque
1330 2176 1647 2229 condicionis
1676 2176 1842 2229 forma
1877 2177 1930 2228 in
1959 2174 2169 2228 dubium

309 2281 492 2316 vocare
533 2264 654 2327 vult,
696 2265 852 2316 immo
894 2265 1329 2316 asseverationem
1372 2264 1659 2328 graviorem
1702 2261 1862 2326 addit,
1904 2278 2035 2329 quae
2074 2260 2171 2313 nisi

309 2351 539 2402 Subiecta
597 2359 733 2402 05501
779 2350 930 2403 alteri
988 2349 1278 2402 condicioni
1320 2350 1357 2399 εἰ
1404 2368 1468 2416 gir
1520 2350 1614 2398 σ“
1599 2348 1888 2414 ἀτοΙέσαιμ,
1948 2363 2080 2414 quae
2119 2352 2171 2399 et

307 2440 423 2508 ipsa
477 2457 539 2490 ex
597 2439 839 2533 apodosis
897 2438 1064 2490 forma
1119 2435 1327 2505 pendet,
1384 2437 1665 2488 111(11001110
1728 2433 1975 2505 ponenda
2036 2442 2169 2486 erat:

309 2524 345 2575 εἰ
384 2544 422 2574 τι
462 2531 552 2574 τῶν
594 2543 678 2574 αυ·
664 2531 745 2574 ὢν
786 2544 887 2591 εμοι
927 2527 982 2592 ψ·
963 2524 1105 2574 ευῧῶν
1147 2523 1275 2573 ένεστ
1261 2543 1304 2572 ι.

452 2612 722 2665 Difficilius
769 2612 1015 2664 indicium
1058 2617 1149 2676 051,
1203 2611 1243 2663 51
1284 2609 1449 2662 nudus
1496 2609 1769 2678 optativus,
1811 2607 1894 2675 qui
1945 2606 2172 2676 optantis

310 2716 424 2751 0550
465 2715 564 2751 non
603 2705 789 2767 potest,
829 2699 881 2748 in
921 2696 1136 2766 apodosi
1176 2697 1400 2765 ponitur,
1441 2693 1575 2763 quod
1614 2710 1715 2747 uno
1754 2693 1869 2747 loco
1908 2691 1987 2744 fit:

310 2783 952 2851 Ε1111.1”5.1056.καίκε
991 2784 1103 2851 ξυνὴ
1146 2785 1274 2853 φέροι
1315 2783 1481 2852 ἄχθος,
1527 2781 1621 2831 ἐπεί
1660 2799 1737 2831 κεν
1788 2779 1906 2851 ἀνὴρ
1953 2779 2170 2845 ἀναθείη,

788 2870 899 2921 αὶ)
924 2872 1005 2921 οὐκ
1046 2890 1100 2921 αν
1140 2873 1428 2940 μαχέσαιτο’
1452 2872 1638 2939 χέσαιτο
1679 2870 1782 2939 γάρ,
1825 2870 1862 2918 εἴ.
1901 2869 2169 2937 μαχέσαιτο-

313 2957 502 3009 Versus
542 2975 604 3010 ex
645 2975 805 3027 parva
843 2958 1004 3011 Iliade
1045 2960 1235 3027 sumpti
1277 2975 1307 3009 a
1346 2959 1542 3022 virgine
1581 2957 2001 3026 pronuntiantur,
2042 2970 2175 3023 quae

312 3042 446 3094 Ulixi
478 3043 703 3111 palmam
735 3043 923 3096 debere
952 3043 1185 3096 Minerva
1212 3042 1464 3096 suadente
1491 3042 1601 3095 istis
1631 3041 1799 3093 verbis
1827 3039 2172 3093 demonstrat.

312 3127 703 3197 Aristophanes,
761 3146 826 3181 ne
873 3129 1008 3182 desit
1057 3136 1306 3182 consueta
1352 3127 1627 3191 cavillatio,
1687 3125 1752 3178 de
1798 3143 1888 3178 suo
1945 3123 2173 3178 addidit:

311 3217 498 3283 χέσαιτο
539 3216 641 3284 γάρ,
685 3216 721 3264 εἰ
761 3217 1030 3285 μαχέσαιτο,
1072 3218 1124 3268 in
1165 3231 1262 3282 quo
1303 3214 1523 3282 primum
1563 3212 1780 3264 formam
1829 3214 2015 3281 χέσαιτο
2060 3226 2175 3262 ver·-

315 3302 492 3353 borum
533 3301 674 3353 lusus
715 3318 873 3355 causa
911 3302 1082 3355 fictam
1123 3319 1237 3354 esse
1279 3306 1511 3370 apparet,
1551 3306 1605 3351 ut
1630 3301 1849 3369 χαίρομαι
1888 3300 1941 3351 111
1969 3296 2173 3351 1)011(115

315 3389 544 3440 carmine
585 3388 702 3440 Pac.
747 3406 815 3439 vs.
855 3390 973 3439 291.
1055 3389 1379 3440 Hermannus
1421 3385 1485 3438 de
1525 3396 1655 3455 part.
1696 3389 1751 3437 ἄν
1790 3404 1838 3455 p.
1883 3386 1947 3436 16
1984 3387 2173 3455 χέσαιτο
