2266 3722
880 165 1224 213 -25-

281 323 503 376 Kockius
542 319 609 372 ad
636 337 705 372 VS.
748 320 847 369 749
875 319 1074 372 scribit:
1117 316 1206 368 der
1237 315 1490 367 Naclisatz
1530 313 1658 378 folgt
1697 314 1814 376 755,
1847 308 1982 377 quod

139 409 250 461 fieri
303 406 442 459 nullo
472 394 638 474 >pacto
687 410 869 472 potest.
945 400 1273 470 Strepsiades
1330 417 1434 451 non
1491 397 1640 450 aliter
1696 396 1981 448 orationem

143 490 381 546 claudere
440 491 493 542 in
555 489 724 540 animo
789 487 965 539 habuit
1028 487 1148 538 nisi:
1209 485 1301 536 hoc
1363 483 1489 535 mihi
1551 480 1834 551 prodesset,
1893 477 1985 531 sed

143 576 366 631 Socratis
392 580 603 642 stupore
628 589 760 625 nova
785 571 1044 639 disciplini
1072 570 1328 638 sapientia
1354 563 1574 621 excitato
1602 565 1987 632 interrumpitur

143 661 386 715 orationis
430 664 593 724 tenor,
633 673 782 724 quem
831 657 872 707 si
911 656 1166 718 integrum
1215 654 1484 708 restituere
1524 652 1668 717 velis,
1711 651 1884 718 utique
1925 666 1987 700 ex

145 745 371 799 Socratis
428 743 594 796 verbis
649 738 769 792 τοῦτ’
811 744 865 790 ἂν
916 741 1202 809 (ι’)φελήσεῑέν
1250 757 1306 805 με
1364 736 1673 790 eliciendum
1732 741 1822 786 est.
1906 732 1987 784 Ad

142 831 359 884 alterum
396 845 557 896 genus
597 829 771 881 omissi
811 827 951 879 verbi
992 825 1128 893 quod
1166 827 1218 876 in
1257 823 1473 893 apodosi
1512 820 1838 874 scribendum
1880 826 1989 870 erat

140 914 475 968 traducimur:

141 999 259 1053 Pac.
300 1016 373 1053 VS.
414 999 529 1050 710.
570 1000 626 1068 ᾶρ
666 1000 719 1047 ἄν
761 995 992 1064 βλαβῆναι
1032 997 1102 1045 δια
1140 998 1306 1065 χρόνου
1347 995 1386 1043 τί
1428 1012 1496 1043 σοι
1535 993 1674 1051 δοκῶ,

572 1085 610 1135 ὡ
648 1085 840 1135 ἶδερ-ποθ’
873 1084 1045 1153 Ἑρμῆ,
1087 1085 1173 1150 τῆς
1194 1081 1419 1152 Ὀπώρας
1446 1081 1736 1143 κατελαῦαςς

380 1170 536 1224 Merc.
577 1172 672 1231 οὔκ,
714 1173 750 1221 εἴ
788 1190 838 1237 γε
877 1167 1068 1220 κυκεῶν’
1110 1170 1294 1225 ἐπιπίοις
1334 1168 1619 1237 βληχωνίαν.

148 1257 391 1320 Quattuor
428 1257 555 1311 locis
595 1257 745 1326 (Ach.
787 1258 905 1308 966.
946 1255 1006 1308 N.
1050 1257 1164 1309 108.
1193 1255 1251 1308 V.
1291 1257 1409 1308 297.
1450 1254 1524 1306 Pl.
1566 1251 1708 1319 924.)
1749 1248 1992 1318 apodosis

146 1341 261 1396 sola
293 1344 570 1409 negatione
608 1342 883 1410 adsumpta
920 1342 1172 1410 particula
1210 1343 1264 1390 ἄν
1304 1341 1573 1404 formatur3
1621 1337 1832 1389 verbum
1873 1351 1997 1402 sup-

146 1426 392 1496 plendum
430 1428 483 1478 in
508 1428 667 1480 tribus
707 1427 957 1494 exemplis
985 1443 1085 1478 non
1126 1427 1351 1495 optativo
1381 1422 1660 1493 praecedit.
1738 1419 1998 1472 Particula

147 1513 186 1563 εἰ
222 1528 426 1581 semper
461 1513 515 1564 in
552 1512 631 1565 his
669 1513 920 1581 exemplis
958 1531 1008 1579 γε
1047 1512 1266 1565 adscivit
1303 1517 1355 1564 et
1392 1509 1747 1563 concessivum
1789 1522 1996 1558 sensum

148 1598 319 1651 habet.
401 1596 514 1650 Huc
562 1615 760 1665 quoque
817 1598 1116 1651 referendus
1174 1603 1253 1650 est
1298 1595 1616 1665 Lysistratae
1662 1608 1840 1644 versus
1899 1591 1998 1640 113

148 1701 298 1753 quem
337 1699 495 1752 supra
531 1683 882 1750 allegavimus.
959 1683 1036 1736 De
1074 1682 1317 1752 apodosis
1352 1681 1502 1733 verbo
1542 1677 1828 1748 supplendo
1860 1674 2002 1727 nulla

148 1768 316 1822 adhuc
361 1768 615 1821 dubitatio
662 1775 789 1833 erat3
838 1776 956 1821 sunt
999 1785 1123 1821 vero.
1170 1767 1269 1820 loci
1318 1766 1499 1834 quibus
1547 1764 1741 1816 nullum
1790 1761 2000 1814 omnino

147 1854 357 1908 verbum
397 1854 450 1905 in
487 1854 718 1906 versibus
758 1854 843 1921 qui
882 1852 1198 1907 antecedunt
1234 1853 1456 1922 positum
1503 1851 1588 1916 sit,
1626 1848 1694 1901 ad
1728 1846 2002 1917 apodosim

149 1939 286 2008 quod
339 1939 610 2008 pertineat.
696 1938 823 1991 Aliis
879 1939 1004 1992 locis
1048 1940 1214 2006 λέγοις,
1274 1938 1387 1990 aliis
1433 1938 1603 2004 γένοιτο
1653 1933 1879 1987 editores
1936 1928 2003 1982 ad

150 2023 510 2093 complendam
581 2022 850 2092 apodosim
921 2031 1232 2093 proponunt,
1303 2022 1395 2076 sed
1468 2026 1652 2075 neutro
1717 2035 1844 2088 opus
1909 2023 2002 2067 est.

150 2109 386 2178 Exempli
426 2109 596 2176 gratia
632 2109 783 2176 λέγοις
821 2110 1082 2178 supplent:
1357 2109 1363 2117 '

395 2194 516 2263 LyS.
558 2212 628 2248 VS.
671 2196 787 2246 399.
828 2196 868 2245 τί
906 2193 1008 2263 δῆτ’
1050 2195 1120 2256 ἂν,
1163 2197 1200 2245 εἰ
1237 2195 1397 2245 πύθοιο
1438 2193 1513 2243 καὶ
1551 2192 1636 2260 τὴν
1676 2190 1811 2240 τῶνδ’
1854 2189 2003 2259 ύβρῑνς

149 2285 346 2351 reverto:
387 2281 590 2335 Thesm.
621 2299 692 2335 VS.
726 2284 843 2333 773.
882 2284 922 2332 τί
944 2281 984 2333 δ’
1007 2282 1078 2343 ἄν,
1103 2285 1140 2333 εἰ
1159 2282 1260 2332 ταδὶ
1281 2278 1543 2350 τάγάλματ’
1568 2280 1667 2330 ἀντὶ
1696 2284 1788 2328 τῶν
1814 2278 2005 2327 πλατῶν

777 2375 970 2441 γράφων
1010 2371 1327 2441 διαρρίπτοιμις

151 2456 254 2510 Sed
281 2474 398 2509 cum
436 2473 468 2509 a
492 2457 691 2509 ratione
730 2458 982 2510 sermonis
1009 2458 1183 2524 graeci
1222 2474 1326 2509 non
1353 2456 1579 2508 alienum
1620 2454 1701 2519 sit,
1729 2450 2002 2514 adiectiva‚

152 2541 413 2608 adverbia,
471 2542 575 2594 alia
619 2542 871 2595 vocabula
924 2541 1368 2611 praedicatiloco
1426 2539 1676 2605 adhiberi,
1727 2536 1780 2588 id
1829 2537 1881 2608 in
1929 2535 2008 2587 liis

152 2627 404 2696 exemplis
442 2633 666 2680 statuere
703 2628 840 2680 licet.
914 2626 1027 2681 Non
1065 2628 1231 2694 magis
1260 2627 1487 2680 Graecos
1527 2624 1748 2694 ellipsim
1786 2622 2009 2675 sensisse

152 2719 275 2783 puto
322 2729 476 2782 quam
521 2730 616 2766 nos
662 2719 942 2766 vertentes:
1028 2712 1139 2766 Wie
1186 2713 1437 2778 vollends‚
1485 2699 1704 2764 erfahrst
1750 2708 1818 2761 du
1863 2707 2008 2759 ihren

153 2816 320 2859 neuen
362 2797 550 2851 Frevel
597 2805 702 2852 erst
748 2798 1049 2867 (Droysen).
1124 2797 1372 2851 Eiusdem
1425 2797 1629 2864 generis
1669 2800 1788 2847 sunt
1825 2791 1886 2845 N.
1937 2809 2009 2845 vs.

156 2886 258 2935 154
313 2890 364 2937 et
419 2884 536 2935 769.
620 2883 767 2946 Quod
812 2899 1062 2953 persaepe
1107 2883 1298 2936 factum
1348 2888 1444 2947 est,
1491 2888 1547 2933 ut
1594 2896 1725 2948 quae
1764 2876 2011 2944 singulari

153 2969 307 3021 modo
381 2967 672 3022 dicerentur
711 2975 952 3038 corrupta
988 2974 1290 3037 putarentur
1328 2976 1378 3020 et
1405 2985 1435 3019 a
1472 2966 1663 3020 criticis
1688 2963 2007 3028 tollerentur,

155 3055 310 3106 etiam
349 3054 403 3106 in
440 3053 538 3107 hac
578 3072 631 3107 re
669 3053 874 3107 accidit.
947 3053 1068 3122 LyS.
1110 3070 1184 3106 vs.
1224 3053 1324 3104 307
1364 3051 1612 3106 traditur:

350 3139 511 3190 οὐκοῦν
551 3142 623 3201 ἄν,
660 3140 703 3190 ἐἰ
740 3139 806 3190 τό)
835 3139 919 3207 μὲν
947 3131 1078 3199 ξύλω
1106 3139 1341 3206 θείμεσθα
1379 3144 1559 3209 πρῶτον
1601 3137 1756 3197 αὐτοῦ,

345 3234 431 3296 τῆς
469 3229 680 3296 ἀμπέλου
718 3227 758 3279 δ’
782 3229 830 3285 ἐς
868 3229 952 3296 τὴν
991 3229 1163 3298 χύτραν
1202 3227 1279 3276 τὸν
1322 3227 1466 3297 φανὸν
1507 3227 1784 3294 ἐγκαθέντες

280 3377 285 3382 ¹
352 3318 555 3384 ἅψαντες
593 3314 673 3366 εἶτ’
715 3317 763 3372 ἐς
802 3316 886 3383 τὴν
925 3317 1072 3386 θύραν
1110 3314 1295 3385 κριηδὸν
1334 3315 1631 3382 ἐμπέσοιμεν;

155 3400 462 3470 Blaydesius
519 3404 571 3454 in
623 3420 744 3455 voce
791 3404 952 3453 οὐκοῦν
1001 3403 1130 3466 (sive
1186 3402 1348 3451 οὔκουν
1396 3401 1532 3469 quod
1580 3398 1840 3452 Brunckio
1889 3414 2012 3450 auc-
