2266 3722
985 155 1331 205 -50-

229 311 284 362 V.
328 329 398 363 vs.
438 311 555 362 434.
593 310 805 377 λάβεσθε
846 310 1022 360 τουτουὶ
1061 310 1135 359 καὶ
1175 310 1242 377 μὴ
1283 310 1503 378 μεθῆσθε
1543 312 1737 379 μηδενὶ·

596 398 634 448 εἰ
672 396 720 448 δὲ
759 396 843 464 μὴ
885 395 924 446 ’ν
961 397 1118 452 πέδαις
1155 399 1366 466 παχείαις
1404 397 1535 448 οὐδὲν
1575 401 1862 470 ἀριστήσετε.

224 485 313 536 AV.
339 500 407 536 vs.
435 485 549 537 133.
591 484 667 534 καὶ
706 485 938 552 μηδαμῶς
977 485 1144 540 ἄλλως
1181 487 1382 555 ποιήσῃς
1406 503 1416 513 ·
1439 487 1477 536 εἰ
1516 484 1566 536 δὲ
1605 486 1689 555 μὴ,
1730 487 1833 537 κτλ.

221 569 277 622 R.
320 588 390 623 vs.
433 570 550 623 6:29.
591 571 822 642 (ἀγορεύω
842 572 944 637 τινὶ)
967 570 1050 639 ἐμὲ
1072 570 1138 639 μὴ
1162 570 1428 639 βασανίζειν
1449 563 1690 624 νἀθάνατον
1719 571 1812 624 ὄντ’
1838 590 1848 601 ·
1871 573 1909 624 εἰ
1929 570 1979 623 δὲ
2000 570 2083 640 μὴ,

591 658 731 716 αὐτὸς
770 659 962 710 σεαυτὸν
1003 660 1146 710 αἰτιῶ.

220 744 260 797 F
264 745 463 798 ormula
532 747 569 796 εἰ
607 745 655 797 δὲ
695 750 761 816 μή
834 745 1066 800 adverbii
1138 744 1452 799 adversativi
1528 746 1742 799 notione
1816 751 2085 815 assumpta

218 836 355 889 nullo
395 834 681 888 sententiae
719 832 1079 888 antecedentis
1119 841 1376 903 respectu,
1412 832 1657 888 adverbio
1697 841 1897 888 nostro:
1938 839 2084 887 sonst

216 920 492 988 simillime,
532 921 887 991 usurpabatur.

976 1050 1028 1060 sa*
1036 1045 1265 1061 *ssf‘d—-f‘s-'xsN-s'
1271 1045 1308 1058 ,’»

323 1123 326 1126 ⁴
381 1177 444 1243 V,
491 1178 568 1243 De
609 1177 826 1242 omissa
865 1177 1110 1261 apodosi
1149 1178 1341 1259 deque
1381 1175 1610 1260 duplici
1655 1176 1904 1259 protasi.

354 1319 464 1373 Duo
521 1322 904 1374 enuntiatorum
964 1319 1418 1386 condicionalium,
1479 1335 1610 1388 quae
1667 1318 1837 1372 adhuc
1893 1335 2076 1372 recen-

211 1407 421 1470 suimuS,
463 1406 694 1458 membra
731 1413 820 1458 aut
857 1407 1063 1472 integra
1101 1405 1302 1474 prolata
1340 1409 1492 1458 erant
1523 1412 1612 1458 aut
1651 1406 1723 1458 ita
1749 1404 2076 1471 adumbrata,

211 1499 262 1543 ut
300 1491 449 1542 facile
497 1490 723 1560 suppleri
773 1499 997 1560 possent.
1077 1489 1179 1542 Sed
1227 1497 1349 1544 sunt
1394 1490 1511 1556 loci,
1552 1490 1734 1558 quibus
1783 1490 2073 1560 simplicem

211 1576 340 1628 hanc
388 1576 690 1629 relationem
740 1578 1080 1645 interruptam
1128 1592 1243 1628 esse
1289 1575 1541 1643 videmus,
1587 1592 1704 1628 cum
1751 1585 1843 1630 aut
1880 1576 2075 1646 duplex

209 1663 429 1731 protasis
476 1661 541 1714 ad
589 1678 740 1714 unam
790 1661 1077 1731 apodosim'
1110 1662 1383 1731 pertineat,
1431 1667 1523 1715 aut
1570 1661 1813 1732 apodosis
1860 1663 2072 1717 omnino

207 1748 353 1799 desit.
414 1747 637 1799 Primum
667 1746 733 1800 ad
762 1748 985 1800 omissae
1014 1746 1259 1817 apodosis
1287 1747 1532 1817 exempla
1557 1764 1651 1801 nos
1691 1754 2070 1802 convertamus.

347 1832 400 1885 In
432 1832 654 1902 periodis
680 1832 1043 1902 hypotheticis,
1072 1849 1204 1901 quae
1232 1832 1362 1887 duas
1392 1833 1586 1887 habent
1606 1841 1858 1904 protaseS,
1886 1835 2072 1904 prioris

205 1921 571 1971 enuntiationis
611 1919 854 1988 apodosis
895 1921 1140 1973 reticetur
1179 1920 1221 1972 si
1251 1936 1315 1972 ex
1343 1920 1616 1973 verborum
1655 1936 1794 1973 nexu
1821 1921 2070 1974 maiorem

203 2006 487 2057 sententiae
530 2006 627 2056 vim
677 2006 725 2056 in
776 2005 987 2057 alterius
1028 2006 1397 2059 enuntiationis
1436 2006 1655 2075 apodosi
1693 2006 1915 2075 positam
1955 2023 2070 2060 esse

203 2099 431 2159 apparet.
510 2089 714 2155 Insigne
753 2090 901 2143 huius
942 2107 1063 2143 usus
1104 2090 1402 2160 exemplum
1444 2090 1695 2144 habemus
1734 2092 1787 2144 in

205 2176 274 2227 Pl.
320 2194 389 2227 vs.
431 2177 547 2228 468.
925 2180 1011 2227 κᾶν
1051 2176 1135 2245 μὲν
1176 2179 1406 2248 ἀποφήνω
1447 2181 1595 2247 μόνην

539 2264 731 2331 ἀγαθῶν
771 2266 986 2315 ἁπάντων
1027 2265 1169 2316 οὖσαν
1210 2266 1355 2316 αἰτίαν
1395 2264 1478 2334 ἐμὲ

539 2351 638 2419 ὑμῖν
679 2351 732 2404 >32³
775 2353 857 2421 ἐμέ
896 2372 946 2404 τε
986 2358 1176 2411 ζῶντας
1216 2353 1336 2422 ὑμᾶς
1361 2372 1370 2382 ·
1394 2355 1433 2405 εἰ
1470 2352 1520 2405 ’δὲ
1560 2352 1645 2422 μὴ,

535 2446 725 2491 ποιεῖτον
764 2442 857 2509 ἤδη
897 2441 1030 2492 τοῦθ’
1072 2444 1095 2492 ὃ
1134 2461 1173 2493 τι
1213 2445 1268 2493 ἂν
1310 2442 1411 2511 ὑμῖν
1450 2441 1586 2510 δοκῇ.

202 2523 504 2594 Chremylus
570 2526 954 2597 Paupertatem,
1016 2547 1167 2597 quam
1238 2532 1467 2583 omnium
1532 2528 1890 2583 calamitatum
1941 2545 2063 2582 cau-

199 2628 306 2661 sam
366 2629 478 2663 esse
538 2623 734 2675 censet,
792 2617 1037 2667 extremis
1093 2616 1366 2686 suppliciis
1421 2633 1476 2669 se
1538 2622 1883 2668 mactaturum
1947 2630 2065 2668 esse

198 2696 434 2748 minatur.
514 2696 629 2749 lrati
678 2700 906 2751 animum
956 2701 1050 2752 sibi
1091 2699 1380 2770 Paupertas
1426 2701 1500 2754 ita
1545 2700 1824 2754 conciliare
1870 2699 2063 2766 studet,

199 2786 253 2831 ut
294 2798 485 2848 poenas
515 2783 776 2853 Clu-emyli
816 2796 866 2836 et.
894 2785 1209 2855 Blepsidemi
1253 2804 1308 2840 se
1350 2787 1637 2840 subituram
1677 2803 1794 2840 esse
1823 2785 2061 2853 affirmet,

197 2865 238 2915 si
297 2882 473 2919 revera
530 2869 777 2920 malorum
840 2887 997 2923 causa
1053 2873 1144 2935 sit;
1193 2871 1315 2940 quid
1363 2889 1500 2939 ver0,
1547 2873 1590 2925 si
1637 2871 1925 2925 ostenderit
1969 2888 2060 2925 suo

198 2951 444 3004 bom—ticio
484 2956 659 3006 omnia
699 2955 832 3008 bona
869 2957 995 3019 tieri,
1036 2965 1342 3011 eventurum
1383 2959 1463 3024 sit,
1492 2974 1614 3011 tunc
1650 2959 1764 3028 ipsa
1790 2959 1956 3012 nescit
1992 2965 2060 3024 et,

196 3055 257 3088 ne
299 3038 602 3109 Clu-emylus
632 3044 796 3108 magis
824 3045 1204 3111 exarcerbetur,
1242 3044 1536 3114 disceptare
1575 3046 1778 3099 omittit.
1839 3045 2057 3100 Doctam

194 3122 504 3176 sclmliastae
544 3125 930 3180 adnotationem
973 3145 1071 3181 non
1102 3132 1475 3198 praeterierim,
1503 3131 1587 3198 qui
1625 3131 1877 3201 exemplis
1904 3131 2055 3186 Hom.

195 3210 231 3257 A
278 3210 374 3259 135
413 3227 505 3277 sqq
544 3219 595 3262 et.
632 3210 785 3265 Thuc.
815 3214 899 3276 3,3
936 3213 1107 3267 allatis
1147 3216 1222 3268 sic
1261 3217 1429 3285 pergit
1464 3217 1517 3267 τὸ
1557 3215 1606 3267 δὲ
1646 3223 1811 3288 σχῆμα
1849 3219 2057 3270 καλεῖται

194 3297 576 3355 ἀνανταπόῧοτον,
605 3297 644 3367 ᾦ
669 3299 743 3348 καὶ
776 3306 853 3350 νῦν
886 3301 1234 3373 Ἀριστοφάνης
1273 3304 1510 3376 ἐχρήσατο
1539 3323 1549 3332 ·
1572 3304 1624 3356 οὐ
1663 3307 1751 3377 γάρ
1790 3307 2057 3358 ἀποδέδωκε

193 3383 274 3449 τὴν
318 3376 524 3442 συνταξιν
566 3385 802 3436 ἐνταῦθα·
829 3387 914 3438 ἔδει
954 3390 1040 3460 γάρ
1081 3391 1231 3443 εἰπεῖν.
1274 3396 1358 3442 κᾶν
1399 3392 1481 3460 μὲν
1516 3395 1745 3465 ἀποφήνω
1786 3397 1932 3464 μόνην
1971 3393 2055 3462 ἐμὲ
