2266 3722
886 135 1232 183 3315-

134 295 399 348 Enuntiati
445 290 814 346 condicionalis
872 288 1119 352 membra,
1169 286 1212 338 si
1269 284 1336 337 ad
1391 291 1595 352 tempus
1651 280 1987 350 praeteritum

133 379 298 432 relata
334 383 467 440 sunt,
507 375 697 427 aoristo
734 374 816 426 vel
853 371 1156 441 imperfecto
1190 369 1532 438 proferuntur.
1609 365 1765 435 Apud
1790 364 1989 417 Aristo-

135 463 358 532 phanem
402 460 578 513 aoristi
622 460 675 510 in
722 456 939 527 apodosi
985 454 1240 509 enuntiati
1290 451 1663 505 condicionalis
1713 450 1882 516 (cuius
1937 449 1989 501 in

135 548 330 617 protasi
369 546 590 597 aoristus
631 544 731 609 est)
777 540 1071 609 exemplum
1111 537 1307 591 nullum
1343 538 1511 604 reperi
1550 535 1757 602 (fragm.
1798 535 1864 585 5¹³·
1910 534 1990 586 in·

138 638 278 686 certa
315 631 611 683 coniectura
649 627 873 679 effictum
915 625 1034 691 est),
1073 622 1363 692 imperfecti
1402 621 1526 673 duo:

206 715 335 784 Equ.
364 731 436 767 vs.
465 715 582 765 347.
624 714 661 762 εἴ
697 731 782 762 που
820 712 996 761 δικίδιον
1036 711 1166 765 εἶπας
1204 708 1252 758 εὖ
1291 708 1411 757 κατά
1438 698 1582 764 ’Ξένου
1620 706 1846 772 μετοίκου,

461 800 578 852 350.
619 799 709 849 ιῦου
748 798 940 853 ουνατός
978 797 1016 846 εἶ
1019 816 1087 845 νια
1126 797 1234 861 λέγε
1238 814 1288 844 ιν.

232 889 288 942 P.
316 906 389 942 vs.
421 888 571 938 1150.
611 888 717 1012 ἧς),
707 885 756 936 οὲ
793 904 869 935 και
906 887 1018 940 πυός
1042 902 1109 939 τις
1147 883 1273 932 ενοον
1316 881 1393 930 καὶ
1433 890 1598 948 lama
1633 881 1847 949 τέτταρα,

720 991 835 1040 ι·μη
874 964 976 1039 ’Ξήν
982 989 1084 1037 εἶκε
1086 991 1109 1019 ν
1149 987 1234 1019 αυτ
1238 975 1300 1018 ὧν
1339 969 1370 1035 ἡ
1409 968 1534 1035 (ανῆ
1573 973 1658 1034 τῆς
1696 965 1908 1035 εσπέρας.

140 1062 307 1115 Etiam
347 1062 399 1112 in
438 1060 535 1112 hoc
574 1076 764 1126 genere
802 1059 1026 1127 protasis
1067 1056 1273 1124 saepius
1312 1053 1526 1122 apodosi
1564 1050 1847 1121 praecedit.

278 1145 642 1214 Imperfectum
697 1145 752 1196 in
796 1143 991 1212 protasi
1048 1139 1394 1194 condicionali
1437 1154 1554 1190 raro
1613 1136 1751 1205 apud
1794 1137 1996 1190 Aristo-

138 1232 362 1300 phanem
401 1236 569 1282 exstat
607 1236 657 1281 et
695 1228 941 1295 singulari
980 1227 1180 1278 ratione
1218 1224 1521 1293 plerumque
1559 1222 1790 1273 infertur.
1866 1220 2000 1283 Quot

140 1316 380 1385 exempla
422 1322 498 1368 tot
547 1313 790 1383 apodosis
836 1312 1034 1364 formae
1079 1311 1338 1376 leguntur,
1386 1325 1451 1360 ex
1508 1307 1690 1375 quibus
1739 1306 1998 1360 adnotabo

139 1404 362 1472 primum
411 1398 542 1452 Nub.
583 1416 655 1451 vs.
699 1398 850 1448 1150.

207 1488 501 1555 μεμάθηκεν,
545 1485 677 1535 1151
719 1483 816 1533 ὥστ
854 1482 1103 1551 ἀποφύγοις
1141 1483 1195 1530 ᾶν
1235 1477 1374 1548 ἥντιν’
1414 1482 1468 1528 ἂν
1508 1478 1658 1546 βούλῃ
1697 1480 1841 1546 δίκην.

393 1574 590 1641 StrcpS.
630 1573 700 1622 κεί
737 1576 965 1641 μάρτυρες
1002 1569 1234 1639 παρῆσαν,
1277 1566 1342 1617 ὅτ’
1382 1568 1716 1634 έδανειζόμηνς

442 1659 581 1712 Socr.
623 1659 789 1728 πολλοζ
826 1677 876 1725 γε
914 1658 1116 1724 μᾶλλον,
1158 1659 1242 1706 κᾶν
1281 1660 1460 1726 παρῶσι
1497 1656 1647 1724 χίλιοι.

142 1749 462 1802 Varietatem
500 1747 697 1800 formae
738 1744 1111 1798 condicionalis
1151 1760 1216 1795 ex
1254 1742 1397 1794 varia
1435 1743 1702 1809 utriusque
1741 1740 2005 1794 sententia

145 1833 424 1903 explicavit
459 1831 786 1884 Hermannus
825 1829 913 1897 (de
953 1832 1007 1879 ἄν
1046 1817 1163 1897 part
1200 1844 1249 1895 p.
1297 1827 1412 1895 26);
1453 1842 1575 1878 nam
1615 1825 1751 1894 quod
1798 1824 1863 1878 de
1901 1841 2002 1877 uno

145 1920 279 1972 facto
319 1917 521 1970 dixerat
566 1915 908 1984 Strepsiades‚
949 1915 1190 1968 Socrates
1230 1913 1470 1965 universe
1516 1911 1581 1963 de
1622 1912 1800 1979 quavis
1848 1909 2006 1963 simili

146 2019 309 2057 causa
348 2003 586 2055 affirmat.
661 2001 918 2070 Apodosis
957 2000 1169 2053 verbum
1208 2014 1418 2066 proisus
1458 1996 1628 2049 deest:

145 2089 263 2159 Lys.
304 2105 376 2141 vs.
415 2090 533 2140 521.
591 2088 749 2187 ομῦὦς
794 2106 844 2154 γε
893 2099 946 2137 νε
926 2089 1041 2154 ἕξων
1086 2086 1144 2152 νὴ
1192 2083 1257 2134 Δι’
1307 2084 1382 2133 έκε
1381 2089 1478 2139 ἶνςο
1483 2082 1654 2151 .Lys
1695 2087 1794 2138 πῶς
1831 2082 2003 2152 ορθῶς,

616 2174 793 2242 ιμηδε
838 2181 997 2230 κακῶς
1044 2173 1395 2241 βουνευομένοις
1433 2162 1545 2239 ε’Ξῆν
1587 2170 1687 2237 υμῖν
1728 2169 2003 2228 υποθέσθαι,

143 2264 229 2317 ubi
278 2279 343 2316 ex
394 2263 626 2315 versibus
671 2261 1101 2314 antecedentibus
1151 2261 1356 2330 ἔφασκεν
1404 2258 1733 2324 subintellegi
1789 2273 2005 2310 necesse

145 2355 238 2402 est.
314 2347 453 2400 Nihil
494 2347 549 2399 in
597 2347 676 2400 his
727 2347 979 2415 exemplis
1025 2347 1384 2415 imperfectum
1434 2342 1690 2411 significat
1735 2344 1835 2396 nisi
1892 2360 2005 2396 rem

145 2434 503 2503 praeteritam3
542 2431 607 2484 de
644 2432 798 2484 rebus
837 2432 1036 2484 iteratis
1075 2431 1269 2483 dictum
1309 2438 1410 2483 est:

313 2518 390 2570 Pl.
419 2535 490 2571 vs.
522 2518 674 2568 1020.
715 2520 840 2574 ὄζειν
878 2536 927 2567 τε
964 2519 1052 2585 τῆς
1087 2525 1248 2587 χροιᾶς
1286 2517 1488 2586 ἔφασκεν
1527 2517 1614 2583 ἡδύ
1653 2534 1726 2581 με,

556 2604 672 2657 Chr.
722 2607 759 2655 εἰ
804 2605 972 2655 Θάσιον
1018 2606 1205 2675 ἐνέχεις,
1269 2606 1458 2660 εἰκότως
1505 2622 1554 2671 γε
1605 2603 1661 2671 νὴ
1710 2604 1808 2663 Δία,
1869 2601 2007 2669 quod

146 2692 310 2757 magis
349 2692 678 2760 perspicuum
721 2692 796 2757 fit,
838 2693 880 2744 si
920 2691 1120 2744 duobus
1160 2691 1390 2744 versibus
1425 2699 1546 2742 ante
1573 2695 1807 2759 poetam:
1847 2695 2008 2760 χεῖρας

146 2780 394 2846 παγκάλας
433 2779 551 2848 ἔχειν
592 2778 638 2846 μ’
663 2779 773 2849 ἔφη,
818 2781 954 2829 ὁπότε
990 2781 1260 2849 προτείνοιέν
1300 2798 1349 2845 γε
1387 2779 1603 2849 δραχμάς
1641 2778 1805 2827 εἴκοσιν
1844 2777 2006 2844 scrip·-

148 2867 279 2919 sisse
317 2864 719 2918 animadvertas,
782 2864 1098 2918 Indicativus
1136 2866 1292 2918 futuri
1331 2866 1386 2916 in
1426 2863 1640 2933 apodosi
1681 2870 1759 2916 est
1795 2864 1848 2915 in
1876 2861 2005 2930 Equ.

148 2967 246 3004 VSS.
290 2951 426 3002 1309
465 2967 538 3018 sq.

289 3034 678 3103 Explicavimus
705 3034 989 3104 particulae
1029 3036 1067 3085 εἰ
1093 3050 1209 3086 cum
1248 3033 1528 3086 indicativo
1564 3034 2004 3086 consociationem

149 3137 282 3186 eam,
330 3137 461 3188 quae
506 3120 574 3173 ad
619 3137 700 3174 res
758 3138 876 3173 vere
922 3122 1089 3173 factas
1135 3120 1367 3172 refertur.
1444 3117 1550 3171 Iam
1599 3118 1875 3171 dicendum
1930 3123 2010 3171 est

149 3205 214 3258 de
253 3205 416 3258 altero
454 3223 660 3272 genere,
702 3205 855 3274 quod,
897 3207 1129 3273 quamvis
1168 3204 1429 3257 diversum
1469 3203 1706 3256 videatur
1751 3220 1782 3255 a
1819 3203 2007 3272 priore,

147 3298 324 3343 tamen
350 3289 476 3342 nihil
515 3291 580 3342 ab
608 3307 668 3343 eo
708 3290 899 3356 differt,
928 3290 1147 3343 dicimus
1185 3291 1224 3340 εἰ
1248 3289 1556 3358 particulam
1585 3305 1699 3341 cum
1727 3287 2006 3340 indicativo

146 3376 411 3445 praeteriti
439 3376 768 3429 coniunctam
793 3378 847 3429 in
875 3375 1179 3429 condicione
1205 3393 1308 3429 non
1336 3381 1553 3428 servata.
1628 3372 1783 3426 Modo
1816 3374 2007 3443 irreali,
