2266 3722
1031 150 1343 196 -5-

259 311 310 357 et
361 303 682 357 scholasticis
737 301 1053 370 adponuntO.
1132 300 1430 354 Calumnias
1489 300 1768 354 creditores
1827 297 2121 369 Strepsiadi

260 387 545 442 identidem
591 388 827 454 ingerere
874 394 1106 455 possunt,
1153 385 1248 439 sed
1293 401 1533 455 poenam,
1592 402 1746 454 quam
1791 385 1965 455 lepide
2021 386 2120 438 sibi

259 483 518 543 precatur,
557 471 719 525 semel
746 472 808 524 iis
835 487 1039 523 sumere
1064 471 1201 524 licet.
1266 469 1550 524 Hermanni
1579 470 1963 524 distinctionem
2001 470 2121 523 huic

258 559 376 612 loco
415 564 608 627 aptam,
636 557 822 609 ceteris
848 556 978 609 locis
1017 573 1120 609 non
1159 557 1326 623 magis
1366 555 1612 609 adhibere
1650 573 1925 626 possumus
1965 572 2120 624 quam

258 645 570 712 reliquorum
621 642 1092 708 grammaticorum.
1168 640 1270 693 Diu
1316 641 1635 709 multumque
1692 642 1939 708 cogitanti
1993 640 2121 693 mihi

259 746 363 783 non
405 728 619 794 contigit
655 726 976 792 intellegere,
1017 725 1140 794 quid
1177 727 1382 779 intersit
1419 727 1554 778 inter

400 816 519 885 Lys.
560 831 631 868 vs.
672 816 754 865 73.
795 813 834 862 εἴ
871 831 910 862 τι
948 817 1065 862 πάνυ
1103 813 1183 874 δεῖ,
1225 819 1324 869 ταῖς
1362 813 1656 884 παρούσαισιν
1695 813 1818 879 λέγε.
1863 821 1914 865 et

402 902 521 955 Pac.
560 918 633 954 vs.
677 901 760 953 20.
803 898 931 967 ὑμῶν
970 901 1020 950 δέ
1057 899 1098 967 γ’
1139 902 1177 950 εἴ
1215 918 1279 957 τις
1319 899 1419 961 οἷδ’,
1461 900 1563 967 ἐμοὶ
1601 904 1878 950 κατειπάτω.

262 987 602 1058 Strepsiades,
650 993 705 1039 ut
741 987 791 1038 in
842 998 1149 1056 perpetuum
1189 1003 1309 1040 aere
1348 988 1518 1040 alieno
1564 987 1826 1052 liberetur,
1866 986 2028 1038 filium
2067 1002 2123 1039 re

261 1074 483 1142 equestri
528 1073 689 1125 missa
744 1072 917 1124 statim
963 1072 1313 1141 sophistarum
1369 1072 1560 1126 scholis
1609 1074 1861 1126 interesse
1909 1071 2016 1124 vult
2069 1072 2122 1122 in

261 1158 483 1212 Nubium
523 1174 594 1211 vs.
637 1157 737 1209 106
777 1155 890 1208 ἀλλ’
932 1158 970 1208 εἴ
1007 1177 1046 1208 τι
1083 1159 1212 1227 κήδει
1250 1164 1343 1209 τῶν
1382 1159 1610 1230 πατρῴων
1652 1160 1879 1229 ἀλφίτων,

769 1245 944 1294 τούτων
983 1252 1116 1313 γενοῦ
1155 1266 1229 1314 μοι
1268 1252 1566 1316 σχασάμενος
1604 1246 1689 1314 τὴν
1730 1247 1925 1314 ἱππικήν.

263 1332 329 1384 At
356 1330 541 1383 chorus
568 1329 718 1383 Pacis
746 1347 777 1383 a
804 1330 1037 1400 Trygaeo
1067 1332 1188 1400 quid
1218 1350 1245 1385 e
1273 1351 1327 1386 re
1354 1334 1615 1402 praesenti
1653 1334 1719 1386 sit
1745 1332 2123 1401 exploraturus,

260 1416 502 1484 idemque
558 1433 860 1484 responsum
924 1419 1097 1470 statim
1156 1419 1410 1487 petiturus
1468 1419 1774 1488 imperativo
1832 1417 2124 1486 praesentis

260 1503 417 1554 utitur
456 1518 527 1554 vs.
569 1503 698 1554 305:
738 1503 851 1573 πρὸς
889 1504 989 1554 τάδ’
1018 1505 1143 1572 ἡμῖν,
1181 1505 1219 1555 εἴ
1243 1523 1283 1555 τι
1307 1504 1400 1576 χρὴ
1428 1506 1555 1576 δρᾶν,
1586 1509 1744 1576 φράζε
1769 1506 2121 1574 κάρχιτεκτόνει.

262 1588 403 1651 Quae
450 1606 567 1642 cum
612 1591 685 1642 ita
731 1591 854 1656 sint,
903 1592 998 1644 etsi
1049 1591 1329 1644 discrimen
1376 1594 1511 1645 inter
1563 1593 1926 1661 imperativum
1973 1606 2124 1659 prae-

264 1676 423 1727 sentis
452 1682 502 1728 et
538 1674 720 1727 aoristi
748 1675 905 1728 fuisse
944 1676 1098 1729 facile
1127 1677 1425 1743 credideris,
1465 1683 1643 1730 tamen
1670 1676 2126 1744 grammaticorum

263 1759 590 1813 definitiones
618 1761 922 1829 plerumque
951 1763 1241 1814 sententiae
1258 1763 1520 1830 ,quadrare
1545 1779 1693 1829 nego.
1754 1760 2127 1830 Exemplorum

262 1845 759 1914 Aristophaneorum
805 1863 1051 1899 numerus
1096 1848 1260 1900 rarior
1307 1855 1402 1914 est,
1451 1865 1605 1916 quam
1652 1855 1708 1899 ut
1747 1864 1812 1900 ex
1850 1847 1930 1913 iis,
1971 1862 2125 1914 quam

260 1948 495 1984 normam
533 1933 695 1984 secuti
734 1933 836 1985 sint
875 1933 1078 2000 comici,
1118 1938 1334 2000 statuas,
1361 1932 1415 1985 id
1454 1951 1613 1985 unum
1649 1933 1895 1986 affirmari
1934 1936 2124 2001 potest,

259 2018 622 2085 imperativum
643 2018 933 2086 praesentis
955 2019 1164 2088 saepius
1176 2018 1411 2072 adhiberi
1431 2020 1485 2072 in
1502 2019 1720 2088 apodosi
1743 2019 2124 2071 enuntiatorum

261 2102 695 2155 condicionalium
741 2119 960 2171 eumque
1006 2104 1186 2158 multis
1232 2105 1360 2157 locis
1399 2105 1705 2174 imperativo
1753 2104 1930 2157 aoristi
1968 2120 2125 2156 sensu

259 2203 437 2255 parem
459 2205 586 2241 esse.
628 2187 901 2256 Utriusque
922 2190 1142 2242 membri
1163 2190 1348 2243 relatio
1370 2191 1424 2243 in
1447 2190 1544 2243 hac
1573 2190 1747 2259 specie
1777 2188 2126 2242 condicionali

263 2273 419 2325 artior
463 2280 541 2326 est
580 2289 732 2340 quam
783 2275 837 2325 in
875 2275 1140 2342 superiore
1185 2291 1353 2343 neque
1392 2274 1603 2328 deflexit
1650 2275 1935 2344 particulae
1973 2276 2010 2325 εἰ
2048 2276 2125 2327 vis

264 2358 361 2409 nisi
401 2359 451 2409 in
479 2357 866 2427 Dicaeopolidis
906 2360 1137 2412 oratione
1177 2377 1240 2413 ex
1275 2359 1501 2430 Telepho
1537 2359 1818 2429 Euripideo
1854 2377 2123 2430 expressa:

263 2441 391 2494 Ach.
432 2460 502 2496 VS.
543 2444 662 2496 496.
922 2449 986 2513 μή
1029 2465 1102 2513 μοι
1143 2445 1426 2516 φθονήσητ’,
1471 2488 1480 2497 .
1527 2487 1536 2497 .
1581 2488 1590 2496 .
1636 2488 1645 2496 .

921 2534 959 2582 εἰ
997 2535 1185 2603 πτωχὸς
1225 2535 1288 2584 ὧν
1328 2533 1464 2585 ἔπειτ’
1507 2534 1553 2584 ἐν
1595 2531 1866 2602 Ἀθηναίοις
1903 2535 2051 2601 λέγειν

925 2621 1092 2686 μέλλω
1132 2622 1231 2692 περὶ
1269 2625 1356 2690 τῆς
1396 2623 1594 2679 πόλεως.

404 2703 687 2758 Alacritate
714 2704 937 2773 quadam
966 2708 1124 2759 animi
1154 2708 1290 2776 quod
1317 2710 1428 2776 quis
1453 2709 1568 2761 fieri
1595 2708 1955 2762 ardentissime
1984 2711 2125 2779 cupit

265 2788 629 2855 interrogative
683 2806 776 2859 per
831 2793 871 2841 τί
929 2792 980 2842 οὐ
1037 2809 1152 2845 cum
1211 2793 1491 2847 indicativo
1548 2795 1722 2848 aoristi
1778 2796 1831 2846 in
1888 2812 2126 2848 sermone

266 2888 451 2937 graeco
491 2875 810 2942 exprimitur,
851 2879 935 2945 qui
974 2895 1094 2931 usus
1133 2878 1201 2931 ad
1239 2879 1604 2947 Aristophanis
1644 2896 1936 2932 sermonem
1974 2881 2124 2932 fami-

266 2957 446 3010 liarem
487 2961 1058 3017 accommodatissimus
1097 2973 1188 3017 est.
1266 2964 1369 3017 Sed
1398 2964 1547 3018 huius
1587 2967 1970 3018 enuntiatorum
2000 2983 2124 3020 con-

268 3040 595 3096 dicionalium
635 3046 832 3100 formae
869 3050 1205 3117 imperativus
1243 3050 1343 3102 nisi
1393 3067 1493 3103 uno
1532 3050 1662 3104 loco.
1740 3051 1864 3104 Ach.
1908 3069 1978 3105 vs,
2020 3054 2121 3104 591

267 3126 358 3177 tali
395 3127 549 3181 modo
588 3146 690 3182 non
737 3132 1192 3187 circumscribitur:
1252 3136 1290 3185 εἰ
1328 3134 1368 3185 δ’
1408 3137 1595 3207 ἰσχυρὸς
1634 3137 1687 3197 εἶ,

673 3218 714 3266 τί
753 3218 868 3284 μοὺκ
909 3222 1257 3289 ἀπεψώλησας
1296 3223 1328 3275 i.
1370 3238 1413 3274 e.
1455 3224 1628 3275 Statim
1669 3241 1750 3277 me
1788 3225 1992 3294 pedica.

408 3297 715 3368 Imperativo
754 3308 1043 3372 praesentis
1083 3315 1133 3360 et
1171 3310 1348 3362 aoristi
1389 3310 1614 3362 maxime
1662 3310 1832 3365 affinis
1873 3322 1952 3366 est
1988 3313 2125 3365 indi-

270 3382 465 3436 cativus
528 3386 708 3454 futuri,
767 3390 909 3443 cuius
971 3391 1170 3445 formae
1234 3395 1536 3462 saepissime
1598 3396 1889 3465 imperativi
1952 3398 2125 3452 locum
