2266 3722
982 135 1068 166 ·-
1142 128 1350 179 28—

247 289 518 358 Optativus
559 289 784 356 protasis
826 285 1200 340 condicionalis
1241 288 1294 338 in
1334 286 1412 339 his
1453 286 1731 339 enuntiatis
1760 285 1890 336 nihil
1930 284 1993 336 (16
2021 301 2115 336 sua

244 375 469 439 notione,
515 389 616 440 qua
659 372 885 439 aliquam
931 388 1039 424 rem
1087 371 1279 426 factam
1328 388 1443 424 esse
1480 371 1705 440 ponitur,
1752 370 1959 434 abiecit,
2008 370 2104 421 ite-

244 460 455 512 rationis
510 459 611 509 11111
660 474 724 508 ex
770 456 881 509 sola
928 456 1173 525 apodosis
1227 457 1395 509 forma
1438 455 1815 515 concludimus,
1863 471 1978 507 cum
2028 460 2116 506 aut

243 562 411 597 rerum
458 547 646 596 natura
683 547 772 593 aut
810 541 1101 610 imperfecti
1142 542 1521 609 significatione
1562 540 1805 610 apodosis
1852 541 2113 593 actionem

243 631 516 698 repetitam
562 644 675 680 esse
723 633 991 695 appareat.
1075 626 1294 680 Nativus
1342 627 1694 680 membrorum
1744 625 1869 678 ordo
1909 641 2115 694 semper

243 721 477 768 servatur
514 712 747 781 exceptis
784 710 913 779 Equ.
942 729 1014 764 vs.
1057 713 1159 763 606
1186 730 1278 780 sq„
1321 713 1406 780 qui
1433 711 1593 764 iidem
1621 715 1838 780 propter
1865 727 2112 780 praesens

240 808 445 869 tempus
483 800 536 851 in
575 798 770 867 protasi
810 797 1119 850 collocatum
1159 799 1390 864 insignes
1430 804 1563 849 sunt.

243 885 368 954 Equ.
408 902 480 937 vs.
523 884 639 934 606.
680 883 846 950 ἠσθυοκ
886 883 936 934 δε
974 883 1080 940 τοὺς
1118 903 1206 934 πα
1193 903 1374 955 ουρουε
1415 883 1513 933 ἀντὶ
1551 883 1690 940 ποίας
1730 881 1968 949 ΜηόῑκΓς,

683 971 721 1020 εἴ
760 989 826 1027 τις
866 962 943 1030 εΞέ
948 990 1047 1042 ρπο.
1090 971 1290 1042 θυραζε,
1332 973 1423 1020 γάκ
1465 969 1611 1036 βυθοῦ
1655 970 1854 1040 θηρώμε
1858 989 1940 1019 νιο.

241 1057 406 1130 Apud
438 1057 843 1127 Aristophanem
898 1058 1064 1111 solum
1111 1059 1207 1111 Ax.
1264 1074 1336 1110 vs.
1387 1057 1490 1108 508
1540 1056 1759 1109 alterum
1817 1056 2112 1126 exemplum

171 1190 174 1192 .
240 1146 527 1216 praesentis
590 1145 643 1196 in
705 1143 887 1195 talium
945 1145 1328 1196 enuntiatorum
1392 1144 1589 1212 protasi
1651 1141 1886 1194 habetur.
1983 1141 2113 1194 Cum

239 1232 540 1301 imperfecto
579 1231 634 1281 in
679 1229 896 1298 apodosi
941 1247 1042 1283 uno
1089 1230 1204 1283 1060
1252 1228 1820 1299 plusquamperfectum
1866 1228 2113 1280 coniunc-

238 1325 347 1370 tum
396 1322 491 1382 est,
538 1314 665 1368 Ach.
716 1332 789 1367 vs.
842 1316 947 1367 520
996 1333 1070 1384 sq.
1157 1314 1413 1377 Quoniam
1460 1313 1600 1382 apud
1647 1314 2016 1379 grammaticos
2064 1319 2116 1366 et

240 1402 598 1472 Aristophanis
646 1405 1082 1455 commentatores
1122 1432 1189 1437 —-
1236 1408 1291 1453 ut
1337 1400 1402 1452 de
1448 1399 1690 1452 Richtero
1743 1404 1798 1452 et
1829 1398 2113 1468 Blaydesio

239 1496 457 1553 taceam,
497 1488 609 1556 ipse
645 1485 763 1538 Alb.
793 1485 1085 1540 Muellerus
1111 1488 1164 1538 in
1205 1485 1578 1539 commentario
1620 1484 1687 1537 ad
1727 1484 1854 1537 Ach.
1895 1502 1968 1537 vs.
2010 1485 2114 1536 520

239 1582 376 1626 errat
420 1603 485 1609 —-
535 1571 813 1625 adnotatur
858 1573 1065 1641 saepius
1113 1572 1420 1642 particulam
1469 1573 1524 1620 ἄν
1564 1569 1781 1640 apodosi
1829 1569 1969 1636 addi,
2008 1586 2113 1623 non

240 1661 305 1713 ab
345 1660 497 1712 huius
536 1657 772 1727 opusculi
811 1659 1025 1712 consilio
1066 1659 1319 1712 absonum
1348 1658 1555 1712 videtur
1581 1657 1791 1722 referre,
1830 1661 1946 1709 octo
1984 1656 2114 1710 10615

239 1746 546 1816 particulam
585 1747 640 1794 ἄν
681 1745 943 1811 01111556111,
998 1762 1090 1798 sex
1134 1745 1262 1798 locis
1302 1741 1521 1813 apodosi
1570 1742 1804 1795 additam
1852 1758 1982 1794 esse.
2059 1741 2113 1794 Si

238 1831 494 1902 particula
532 1834 587 1882 ἄν
636 1831 790 1884 verbo
829 1829 1010 1883 addita
1056 1838 1149 1896 est,
1189 1830 1551 1899 imperfectum
1602 1836 1653 1881 et
1699 1828 1922 1881 aoristus
1969 1828 2112 1881 nullo

239 1918 535 1972 discrimine
573 1918 918 1970 inveniuntur.
976 1915 1162 1969 Differt
1201 1915 1284 1968 1116
1311 1914 1521 1968 dicendi
1549 1931 1670 1967 usus
1711 1913 1776 1977 ab
1816 1913 1977 1966 altero
2015 1913 2112 1966 hoc

238 2011 454 2070 tantum,
503 2003 641 2072 quod
687 2019 791 2056 non
839 2018 1046 2071 semper
1095 2007 1147 2055 et
1190 2002 1486 2054 necessario
1533 2017 1643 2052 rem
1683 1998 1902 2068 apodosi
1950 2000 2112 2066 signi-

238 2090 445 2143 ficatam
490 2089 712 2159 protasis
765 2087 1073 2141 condicione
1111 2087 1330 2157 impleta
1376 2088 1613 2140 evenisse
1659 2085 1855 2152 dicunt,
1903 2085 1995 2138 sed
2047 2103 2112 2138 ex

239 2176 353 2229 aliis
402 2175 793 2228 condicionibus
841 2173 1126 2226 indefinitis
1180 2179 1422 2225 eventum
1478 2170 1809 2241 pependisse.
1895 2170 1999 2224 Sed
2044 2189 2112 2224 ne

240 2262 372 2314 116116
400 2261 745 2314 differentiam
768 2260 984 2312 nimiam
1012 2258 1286 2311 credamus
1315 2275 1380 2310 ex
1419 2257 1625 2310 vetulae
1663 2256 2111 2310 adolescentulum

240 2356 524 2400 amatorem
572 2346 912 2399 describentis
969 2345 1202 2398 oratione
1251 2342 1514 2400 docemur,
1547 2359 1706 2410 ·quae
1753 2342 1910 2395 modo
1965 2342 2113 2396 addit

240 2434 562 2502 particulam,
603 2432 758 2485 modo
798 2432 1011 2484 omittit:

409 2519 540 2573 Plut.
581 2536 651 2572 VS.
693 2519 813 2569 977.
1024 2519 1061 2567 εἰ
1099 2522 1186 2588 γάρ
1225 2536 1304 2567 του
1344 2516 1566 2584 (δεηθείην
1608 2515 1715 2582 ἐγώ,

652 2603 814 2656 ἅπαντ’
857 2606 993 2656 ἐποίει
1032 2607 1239 2674 κοσμίως
1279 2626 1352 2673 μοι
1390 2605 1466 2655 καὶ
1505 2604 1682 2659 καλῶς.

652 2710 723 2746 VS.
768 2693 921 2745 1010.
961 2694 1037 2743 καὶ
1075 2713 1132 2762 νη
1176 2691 1240 2745 Δί’
1283 2695 1321 2743 εἰ
1359 2693 1656 2760 λυπουμένην
1698 2691 1905 2740 αἴσθοιτό
1944 2709 2017 2758 με,

834 2786 1077 2852 νηττάριον
1118 2784 1173 2831 ἄν
1214 2782 1290 2831 καὶ
1331 2780 1496 2851 φάβιον
1539 2779 1853 2850 ὑπεκορίζετο.

242 2871 403 2925 Η111115
442 2873 645 2938 generis
683 2876 905 2942 protasis
944 2877 1229 2944 optativum
1268 2875 1559 2944 praesentis
1609 2891 1714 2927 non
1754 2873 1963 2926 exhibet
2011 2873 2111 2925 nisi

242 2957 334 3026 Eq.
375 2976 446 3011 vs.
492 2959 640 3009 1350.
718 2956 851 3011 Num
893 2960 992 3014 huc
1029 2960 1289 3014 referendi
1329 2961 1431 3013 sint

243 3043 361 3112 LyS.
403 3061 475 3096 vs.
520 3044 673 3095 1236.
712 3046 807 3095 νυνὶ
846 3045 886 3096 δ’
910 3049 1071 3098 ἅπαντ’
1096 3049 1294 3119 ἤρεσκεν
1321 3066 1330 3074 ·
1356 3046 1469 3098 ὡστ’
1499 3048 1538 3097 εἰ
1577 3048 1660 3113 μέν
1700 3047 1751 3113 γε’
1791 3052 1857 3102 τις

429 3131 839 3200 demutans->202
880 3136 1031 3187 1238.
1073 3136 1365 3203 ἐπῃνέσαμεν
1407 3138 1462 3185 ἄν
1503 3135 1579 3185 καὶ
1619 3137 2108 3205 προςεπῑωρκήσαμεν,

244 3217 445 3272 haereo.
523 3219 651 3272 Cum
699 3220 859 3273 scolia
905 3238 1008 3274 non
1048 3240 1167 3275 vere
1214 3228 1426 3275 cantata
1463 3221 1837 3288 significentur,
1885 3221 2111 3274 fortasse

245 3304 539 3373 exemplum
590 3306 805 3374 optativi
843 3307 897 3358 in
942 3324 997 3359 re
1036 3324 1140 3361 non
1187 3307 1330 3361 facta
1366 3307 1599 3375 usurpati
1645 3306 1915 3372 habemus,
1968 3307 2112 3359 cuius

244 3389 358 3442 l'oco
396 3390 683 3458 imperfecti
733 3391 841 3444 sive
880 3393 1056 3445 aoristi
1106 3391 1445 3445 indicativum
1488 3393 1611 3460 poni
1659 3392 1824 3444 solere
1871 3391 2107 3445 vidimus.
