2266 3722
937 146 1278 196 -23-

195 295 259 348 de
315 296 410 348 hac
466 297 511 347 vi
569 296 841 363 quidquam
900 298 1139 366 perdidit.
1222 299 1478 354 particula
1533 306 1570 353 εἰ
1624 320 1735 355 cum
1794 307 2020 373 optativo

194 382 436 450 copulata
479 382 621 434 nulla
665 380 876 434 effectus
942 385 1136 436 ratione
1194 384 1366 438 habita
1422 405 1525 440 rem
1592 391 1642 441 in
1698 390 1806 442 sola
1851 397 2021 444 mente

191 469 411 536 positam
479 484 592 520 esse
655 468 969 536 exprimitur.
1054 468 1276 536 Originis
1332 474 1587 540 optativae
1644 476 2017 528 enuntiatorum

194 551 641 619 condicionalium,
681 569 810 620 quae
857 554 1052 606 minuta
1097 555 1313 621 vestigia
1358 565 1668 625 manserunt,
1713 559 1765 611 in
1811 560 2018 613 exordio

193 636 339 689 huius
385 636 616 704 opusculi
664 638 1192 691 commemoravimus.
1267 638 1515 701 Quoniam
1561 659 1641 695 res
1686 644 1757 695 ita
1793 644 2020 712 prolatae

192 720 258 772 ad
294 726 498 789 tempus
535 737 780 789 praesens
821 727 870 773 et
904 720 1123 774 futurum
1163 711 1466 792 plerumque*
1499 727 1770 794 pertinent,
1809 728 2018 796 apodosi

190 811 244 858 et
279 805 379 874 ipsi
406 807 634 874 optativo
662 805 953 859 efferendae
987 807 1238 875 particula
1263 810 1334 870 ἄν,
1375 826 1474 876 qua
1510 827 1615 863 rem
1656 828 1719 864 ex
1757 812 2021 866 indefinita

189 891 493 944 condicione
548 891 775 960 pendere
830 908 1111 958 monemur,
1167 893 1344 947 addita
1398 901 1489 948 est.
1584 895 1820 966 Optativo
1882 900 2020 951 socia

187 976 439 1044 particula
493 979 563 1037 ἄν,
612 978 695 1044 qui
751 975 985 1030 modeste
1041 976 1285 1030 iudicium
1331 978 1395 1031 de
1441 980 1612 1048 aliqua
1655 998 1711 1034 re
1755 983 2018 1051 proferunt

187 1066 410 1115 utuntur.
486 1063 613 1115 Cum
642 1062 843 1128 Graeci,
871 1078 971 1130 qua
1008 1066 1156 1115 erant
1191 1059 1494 1131 urbanitate,
1522 1066 1676 1118 etiam
1715 1083 1838 1134 quas
1876 1073 2018 1121 certo

187 1146 379 1199 scirent
416 1164 496 1199 res
536 1152 888 1213 extenuarent,
927 1147 1230 1216 pervulgata
1275 1154 1353 1201 est
1398 1149 1544 1202 huius
1591 1150 1858 1204 locutionis
1897 1169 2018 1205 con-

187 1231 419 1284 suetudo.
494 1231 661 1300 Atque
700 1232 904 1300 saepius
943 1233 993 1283 in
1041 1232 1138 1285 hoc
1176 1234 1551 1286 enuntiatorum
1590 1235 2017 1289 condicionalium

154 1332 373 1384 ,genere
412 1333 476 1369 ex
513 1317 728 1386 apodosi
766 1317 984 1385 protasis
1023 1318 1122 1369 vim
1163 1319 1234 1370 ita
1279 1319 1487 1387 recepit,
1527 1326 1595 1385 ut,
1635 1321 1676 1372 si
1714 1321 1764 1372 in
1805 1321 2018 1390 apodosi

182 1400 273 1453 illa
309 1399 582 1454 iudicantis
622 1401 840 1454 formula
877 1400 1203 1454 adhiberetur
1229 1402 1383 1454 etiam
1410 1405 1628 1471 protasis
1655 1404 1837 1458 eodem
1864 1408 2016 1461 modo

182 1485 501 1538 formaretur.
576 1485 772 1538 Eodem
811 1486 1171 1538 concinnitatis
1211 1485 1381 1539 studio
1420 1488 1788 1557 Aristophanes
1839 1491 2017 1545 modos

185 1571 506 1638 exaequavit,
547 1571 589 1623 si
635 1571 689 1622 in
736 1569 951 1639 apodosi
997 1569 1163 1623 nudus
1210 1572 1482 1639 optativus,
1529 1574 1611 1640 qui
1657 1582 1734 1627 est
1777 1579 2015 1645 optantiS,

184 1655 471 1708 adhibetur.
531 1654 827 1724 Optativum
853 1656 1078 1724 positum
1105 1672 1217 1708 esse
1244 1655 1385 1708 nulla
1412 1655 1476 1708 de
1503 1673 1659 1710 causa
1683 1659 1781 1713 nisi
1806 1666 2017 1731 propter

181 1739 422 1810 apodosis
461 1740 678 1794 formam
716 1741 951 1794 existimo
989 1741 1040 1792 in
1080 1739 1207 1792 Ran.
1246 1757 1317 1793 vs.
1357 1742 1483 1794 532:
1532 1742 1646 1800 ἴσως
1682 1749 1767 1816 γάρ
1806 1748 1872 1797 τοί
1908 1766 2016 1800 ποτε

1134 1826 1247 1893 ἐμοῦ
1286 1827 1507 1897 δεηθείης
1545 1832 1617 1892 ἂν,
1659 1832 1697 1882 εἰ
1734 1833 1845 1891 θεὸς
1882 1836 2015 1888 θέλοι

182 1930 279 1981 quo
319 1931 421 1966 uno
459 1913 571 1966 loco
618 1912 836 1964 formula
872 1913 929 1979 ἢν
968 1912 1079 1969 θεὸς
1115 1913 1242 1980 θέλῃ
1284 1913 1430 1980 (Pac.
1480 1933 1550 1968 vs.
1593 1919 1726 1969 1187
1766 1919 1894 1974 Plut.
1942 1941 2012 1976 vs,

181 2000 297 2051 347.
340 1999 518 2064 1188.)
566 2004 761 2050 mutata
798 2005 889 2064 est,
938 1999 1033 2051 nisi
1073 1999 1200 2052 forte
1238 2002 1276 2050 εἰ
1323 2001 1434 2058 θεὸς
1471 2002 1603 2052 θέλοι
1641 2007 1862 2072 optantis
1901 2025 2014 2062 esse

179 2085 305 2137 velis
368 2090 629 2152 totumque
691 2085 1010 2136 enuntiatum
1078 2087 1373 2156 exemplum
1443 2090 1687 2142 transitus
1757 2094 2013 2160 optativae

179 2169 542 2222 enuntiationis
581 2168 648 2221 ad
685 2167 1095 2220 condicionalem
1133 2169 1341 2225 habeas.
1415 2172 1612 2226 Eodem
1651 2175 1802 2228 modo

317 2260 445 2313 Rau.
487 2277 556 2313 vs.
598 2261 746 2311 1446.
787 2261 825 2310 εἰ
862 2266 952 2310 τῶν
991 2262 1189 2313 πολιτῶν
1228 2265 1310 2315 οἷσι
1347 2271 1423 2316 νῦν
1462 2268 1742 2334 πιστεύομεν,

784 2349 956 2405 τούτοις
996 2352 1338 2419 ἀπιστήσαιμεν,
1381 2354 1444 2410 οἷς
1481 2351 1595 2404 ὃόύ
1635 2356 1862 2426 χρώμεθα

783 2437 973 2487 τούτοισι
1011 2439 1342 2508 χρησαίμεσθ’,
1378 2441 1492 2498 ἴσως
1528 2443 1758 2510 σωθεῖμεν
1798 2446 1867 2495 ἄν.

175 2526 445 2589 postquam
485 2523 792 2575 sententiam
831 2522 894 2575 de
934 2524 1153 2578 civitatis
1188 2526 1352 2580 salute
1391 2544 1463 2581 vs.
1495 2530 1626 2580 1443
1661 2528 2003 2600 deprompsit:

176 2608 283 2656 ὅταν
321 2609 379 2657 τὰ
415 2612 492 2658 νῦν
533 2610 697 2658 ἄπιστα
741 2609 859 2659 πίσθ’
903 2609 1147 2677 ἡγώμεθα,
1194 2613 1252 2662 τά
1290 2612 1442 2664 δ’ὄντα
1474 2613 1584 2664 πίστ’
1614 2616 1780 2665 ἄπιστα
1804 2616 2007 2684 planius

177 2699 228 2745 et
265 2693 567 2763 explicatius
605 2695 762 2747 refert
799 2712 890 2764 per
928 2696 978 2745 εἰ.

317 2778 369 2831 Si
409 2779 565 2847 plena
608 2779 755 2832 huius
810 2780 1002 2834 formae
1060 2784 1327 2836 enuntiata
1369 2783 1758 2852 perlustraveris
1805 2791 2006 2855 tempus

175 2879 420 2931 praesens
447 2870 498 2916 et
535 2865 776 2917 aoristum
803 2882 906 2918 una
932 2866 1163 2920 adhiberi
1189 2869 1239 2919 in
1266 2872 1479 2936 utroque
1504 2869 1732 2922 membro
1759 2871 2005 2938 invenieS,

177 2947 268 3000 sed
307 2949 482 3001 aoristi
519 2966 638 3002 usus
677 2950 835 3003 multo
873 2951 1184 3019 frequentior
1227 2958 1320 3018 est,
1367 2952 1735 3021 septemdecim
1780 2955 1906 3008 locis
1955 2957 2005 3008 in

175 3033 385 3102 protasi,
440 3034 618 3101 viginti
663 3034 787 3088 locis
842 3035 894 3087 in
942 3035 1155 3105 apodosi
1210 3036 1424 3090 habetur
1462 3038 1642 3105 quibus
1681 3045 2006 3108 opponuntur

172 3118 460 3187 praesentis
521 3119 759 3188 exempla
818 3120 870 3171 in
931 3122 1122 3189 protasi
1183 3120 1436 3188 undecim,
1494 3127 1610 3176 octo
1667 3124 1717 3176 in
1773 3123 2002 3193 apodosi.

174 3201 319 3265 Quod
374 3203 417 3255 si
467 3209 710 3271 quantum
763 3202 980 3270 differat,
1029 3203 1126 3258 hoc
1174 3221 1239 3258 an
1284 3205 1410 3258 illud
1447 3213 1649 3276 tempus
1697 3209 2002 3277 inveniatur,

174 3288 393 3357 quaeriS,
432 3287 768 3341 differentiam
808 3305 902 3355 ego
941 3289 1046 3343 fere
1083 3290 1278 3344 nullam
1317 3292 1470 3344 sensi.

340 3373 398 3425 R.
440 3391 509 3426 vs.
549 3375 666 3425 585.
706 3376 789 3423 κᾶν
828 3375 867 3424 εἴ
905 3393 961 3441 με
999 3376 1191 3437 τύπτοις,
1232 3375 1312 3427 οὐκ
1351 3379 1405 3427 ἂν
1445 3378 1687 3445 ἀντείποιμί
1725 3397 1793 3429 σοι
