2266 3722
978 114 1322 164 -40-

303 276 394 328 Vir
430 273 474 327 Π
511 271 642 341 ὁμόσ’
682 272 769 338 εἶμι
806 271 969 339 κόψας.
1030 269 1120 322 Vir
1157 268 1194 322 I.
1233 270 1291 337 ἢν
1328 266 1379 318 δὲ
1416 271 1682 334 μαστιγῶσι,
1721 267 1785 330 τί;

302 362 390 414 Vir
426 360 471 414 II
507 357 764 427 καλούμεθ’
789 358 945 414 αὐτας.
1009 354 1095 407 Vir
1132 354 1168 407 I.
1210 357 1267 424 ἢν
1304 353 1355 406 δὲ
1391 354 1699 422 καταγελῶσι,
1737 354 1801 419 τί;

302 446 392 500 Vir
429 446 472 500 II
512 489 521 497 .
564 489 573 497 .
617 488 627 497 .
669 487 680 497 .
722 447 984 516 ἁρπάσομαι
1020 444 1078 493 τὰ
1116 444 1246 493 σιτία.

232 534 408 603 Neque
453 549 571 586 vero
617 547 823 600 semper
868 528 1137 599 apodosim
1190 527 1288 581 hoc
1325 526 1479 580 modo
1519 525 1882 580 adumbratam
1921 523 2079 594 pluri-

232 622 324 674 bus
351 618 718 689 Aristophanes
744 621 1042 686 persecutus
1082 620 1181 679 est3
1221 620 1298 667 est
1334 613 1420 666 ubi
1459 614 1499 663 τί
1524 609 1565 663 δ’
1590 612 1754 665 solum
1794 608 2080 680 praedicati

232 709 393 761 instar
430 707 648 776 positum
690 705 770 770 sit,
810 710 865 756 ut

231 792 371 847 Eccl.
412 809 480 846 VS.
525 792 673 843 1023.
714 791 755 840 τί
792 787 832 840 δ’
856 790 912 857 ἢν
953 788 1206 858 ἀφαιρῆταί
1245 787 1293 854 μ’
1317 787 1435 858 ἀνὴρ
1473 792 1565 837 τῶν
1604 787 1819 854 δημοτῶν

720 878 750 944 ἢ
789 882 881 926 τῶν
920 877 1070 946 φίλων
1109 875 1268 925 ἐλθών
1306 893 1392 939 τιςς
1434 875 1597 927 Anus:
1639 871 1752 924 ἀλλ’
1774 872 1825 924 οὐ
1863 872 2015 943 κύριος

724 963 833 1035 ὑπὲρ
873 964 1086 1031 μέδιμνόν
1126 960 1221 1012 ἐστ’
1245 961 1363 1033 ἀνὴρ
1402 962 1548 1018 οὐδεὶς
1585 961 1663 1012 ἔτι.

372 1051 504 1104 Huic
542 1050 784 1120 apodosis
812 1050 1008 1104 formae
1033 1050 1325 1119 propinqua
1350 1055 1426 1102 est
1452 1065 1530 1115 ea,
1571 1065 1721 1117 quam
1749 1049 1852 1101 iam
1879 1048 2086 1100 tertiam

235 1123 672 1208 perlustrabimus.
724 1135 834 1189 Etsi
861 1137 914 1187 in
941 1150 1180 1188 sermone
1215 1151 1402 1202 graeco
1442 1134 1693 1204 simplicis
1732 1133 2087 1187 affirmationis

236 1223 540 1277 vocabulum
603 1227 787 1288 exstat,
848 1227 1024 1274 tamen
1085 1220 1389 1288 plerumque
1451 1220 1708 1289 particula
1760 1223 1816 1289 νή
1881 1218 2086 1273 adiecto

237 1309 502 1363 cuiusdam
541 1308 625 1362 dei
664 1309 872 1362 nomine
912 1309 1020 1362 eius
1057 1307 1228 1361 locum
1268 1307 1481 1361 obtinet.
1550 1306 1606 1359 In
1647 1308 1925 1360 enuntiatis
1964 1323 2088 1360 con-

236 1395 590 1462 dicionalibus‚
631 1396 672 1448 si
712 1394 952 1464 apodosis
991 1400 1164 1447 nostro
1210 1410 1449 1447 sermone
1495 1410 1588 1463 per
1626 1393 1930 1446 vocabulum
1972 1393 2086 1462 „ja“

236 1482 537 1551 exprimitur
575 1481 639 1533 ab
668 1480 1012 1549 Aristophane
1051 1496 1256 1549 semper
1294 1479 1352 1548 νὴ
1391 1481 1468 1531 τὸν
1508 1481 1751 1542 Ἀπόλλω,
1792 1480 1849 1548 νὴ
1888 1480 1965 1530 τὸν
2005 1481 2089 1531 Δία

236 1569 424 1622 similia
461 1569 654 1637 scripta
691 1574 824 1635 sunt,
865 1584 981 1620 cum
1018 1568 1071 1620 in
1097 1568 1340 1634 negativa
1365 1567 1582 1637 apodosi
1619 1567 1700 1620 dei
1730 1584 1919 1620 nomen
1947 1566 2088 1620 nullo

237 1654 528 1707 discrimine
567 1652 801 1706 additum
840 1659 929 1706 aut
967 1652 1225 1706 abiectum
1253 1654 1333 1706 sit.
1386 1653 1687 1706 Sententiae
1715 1652 2090 1706 condicionalis

236 1741 311 1793 vis
339 1740 513 1806 augeri
540 1739 671 1792 solet
695 1738 874 1792 addita
912 1738 1153 1792 enclitica
1176 1741 1227 1807 γε’
1267 1738 1397 1806 (sive
1424 1739 1550 1811 πέρ),
1578 1755 1708 1807 quae
1735 1731 1935 1792 duobus
1961 1739 2089 1793 locis

238 1828 430 1880 omissa
468 1833 569 1880 est:

237 1913 292 1966 P.
332 1930 403 1966 VS.
445 1913 562 1967 364.
603 1913 874 1974 ἀπολωλας,
916 1912 954 1964 (ἶ)
993 1914 1284 1982 κακόδαιμον.
1327 1912 1478 1983 Tryg.
1518 1913 1696 1976 οὐκοῦν,
1737 1915 1795 1983 ἢν
1831 1915 1986 1985 λάχω.

238 2001 312 2054 Pl.
340 2019 411 2055 vs.
439 2002 555 2053 286.
599 2004 744 2058 ὄντως
781 2003 866 2074 γάρ
906 2002 998 2053 ἐστι
1036 2004 1267 2060 πλουσίοις
1305 2003 1414 2071 ἡμῖν
1454 2005 1617 2054 ἅπασιν
1657 2003 1793 2069 εἶναι;

409 2088 557 2143 Cario
595 2089 652 2158 νὴ
692 2089 799 2146 τοὺς
838 2089 992 2152 θεοὺς,
1033 2090 1201 2147 Μίδαις
1239 2089 1321 2158 μὲν
1360 2090 1453 2151 οὖν,
1493 2089 1554 2158 ἦν
1594 2089 1674 2140 ὦτ’
1699 2092 1801 2141 ὄνου
1827 2090 2025 2160 λάβητε·

383 2175 548 2229 Verbo
589 2194 652 2229 ex
691 2179 861 2247 priore
900 2179 1158 2231 sententia
1195 2177 1485 2248 supplendo
1514 2177 1639 2230 nihil
1666 2194 1795 2247 opus
1823 2186 1903 2232 est
1927 2195 2094 2248 neque

243 2261 362 2329 quid
384 2262 607 2330 suppleri
630 2261 817 2315 debeat
837 2279 1043 2332 semper
1064 2269 1297 2333 apparet,
1321 2262 1456 2332 quod
1479 2279 1542 2315 ex
1556 2262 1876 2317 tribushuius
1901 2265 2093 2333 speciei

243 2347 491 2416 exemplis
522 2347 782 2414 vulgarem
811 2348 1171 2419 Aristophanis
1203 2366 1350 2402 usum
1391 2348 1764 2402 illustrantibus
1793 2366 2093 2416 cognosces.

243 2431 382 2485 Eccl.
423 2450 492 2486 vs.
538 2433 688 2484 1034.
730 2434 759 2502 ἦ
800 2434 892 2502 μὴν
932 2433 995 2485 ἔτ’
1020 2436 1187 2504 ὠνήσει
1227 2435 1281 2486 σὺ
1319 2436 1395 2486 καί
1434 2441 1668 2505 στεφάνην
1707 2436 1821 2503 ἐμοί.

585 2519 683 2572 Ad.
722 2521 779 2590 νὴ
819 2523 896 2573 τὸν
937 2521 1020 2585 Δί’,
1061 2525 1206 2595 ἤνπερ
1245 2526 1278 2592 ᾗ
1310 2526 1361 2591 γε’
1398 2542 1482 2574 που
1521 2529 1612 2574 τῶν
1652 2526 1866 2596 κηρίνων.

243 2606 368 2661 Ach.
409 2624 481 2660 vs.
522 2609 602 2661 59.
643 2609 846 2678 Καθησο
887 2617 1002 2679 σῖγα.
1045 2610 1156 2664 Dic.
1198 2613 1263 2679 μοί
1300 2613 1377 2662 τὸν
1409 2612 1640 2663 Ἀπόλλω
1681 2610 1763 2680 ’γὼ
1803 2611 1886 2680 μὲν
1926 2612 1995 2674 οὔ,

649 2696 709 2764 ην
749 2698 814 2766 μὴ
854 2699 953 2769 περὶ
990 2700 1177 2770 εἰρήνης
1213 2718 1263 2767 γε
1301 2701 1642 2771 πρυτανεύσητέ
1680 2719 1769 2767 μοι.

246 2780 318 2833 Pl.
359 2799 432 2834 vs.
473 2784 589 2835 220.
647 2791 805 2848 παπαῖ,
846 2788 1072 2858 πονηρους
1108 2786 1149 2854 γ’
1174 2788 1303 2845 εἶπας
1340 2789 1448 2856 ἡμῖν
1488 2779 1776 2858 Ευμμαχους.

396 2868 597 2923 Chrem.
639 2873 735 2933 οὒκ,
777 2874 834 2941 ἦν
872 2893 921 2941 γε
960 2875 1282 2943 πλουτήσωσιν
1323 2866 1374 2935 ἐξ
1413 2877 1566 2946 ἀρχῆς
1603 2876 1754 2927 πάλιν.

385 2956 676 3012 Scholiasta
701 2959 769 3012 ad
796 2978 867 3014 vs.
898 2963 997 3013 221
1028 2964 1339 3016 sententiam
1379 2963 1452 3016 sic
1491 2962 1741 3032 explicat:
1788 2964 1869 3015 οὐκ
1901 2965 2095 3027 ἔσονται,

248 3045 376 3112 φησί,
434 3047 666 3117 μοχθηροὶ
720 3049 795 3098 καὶ
849 3049 1045 3100 ἐπίπονον.
1100 3042 1223 3110 ἅπαξ
1282 3052 1645 3120 πλουτήσαντες.
1722 3051 1823 3104 Alii
1879 3052 2098 3106 fortasse

249 3131 542 3185 maluerint:
601 3135 651 3184 οὐ
698 3136 925 3207 πονηρους
971 3139 1073 3188 εἶπα
1128 3139 1236 3206 ἡμῖν
1291 3130 1578 3209 Ξυμμαχους.
1663 3139 1765 3192 Sed
1822 3141 1989 3194 verius
2045 3145 2099 3194 et

250 3216 531 3285 simplicius
554 3221 675 3273 mihi
706 3223 903 3276 videtur
929 3233 1153 3278 statuere
1180 3227 1442 3293 negationi
1470 3225 1752 3295 praedicati
1782 3227 1882 3278 vim
1910 3227 2100 3291 inesse,

250 3308 305 3350 ut
342 3302 392 3352 in
431 3303 637 3372 reliquis
673 3308 922 3377 exemplis
950 3310 1184 3363 vocibus:
1226 3314 1291 3378 μα’
1329 3313 1406 3362 τὸν
1446 3310 1674 3362 Ἀπόλλω
1705 3311 1790 3379 ’γὼ
1832 3311 2006 3384 peso-3
2045 3316 2100 3365 et

248 3387 305 3454 νὴ
344 3390 420 3439 τὸν
463 3393 558 3443 Δία.
