2266 3722
1012 153 1358 202 -44-

265 312 356 364 Av.
387 327 456 363 vs.
489 312 638 362 1519.
680 308 792 360 ἀλλ’
833 308 1028 379 ὡσπερεὶ
1067 308 1399 378 Θεσμοφορίοις
1435 308 1734 375 νηστεύομεν·

265 396 445 465 quibus
501 395 637 449 addo
692 396 834 449 locos
891 397 985 447 Av.
1027 395 1144 445 748.
1202 393 1322 464 Lys.
1366 395 1466 446 115
1505 393 1600 461 frg.
1640 394 1759 445 342.
1817 392 1938 444 408.
1992 391 2114 444 416.

263 481 425 544 Quam
465 481 624 534 libere
661 482 711 532 in
752 479 992 532 addendo
1032 485 1083 532 et
1120 478 1406 532 omittendo
1445 480 1483 530 εἰ
1520 485 1751 532 versatus
1779 478 1846 531 sit
1869 481 2027 547 poeta
2050 493 2116 531 ex

265 568 418 637 Vesp.
458 585 529 620 vs.
573 569 722 619 1107.
764 559 1066 634 ’ξυλλεγέντες
1110 567 1196 636 γάρ
1236 563 1348 617 καθ’
1371 565 1557 633 ἑσμοὺς,
1606 565 1804 637 ὡσπερεὶ
1841 565 2114 636 τάνθρήνια,

764 654 1028 722 οἱμὲν..
1074 653 1303 706 .οἱδὲ.
1350 687 1413 705 ·.
1457 655 1496 705 οἱ
1534 653 1584 705 δὲ
1625 694 1634 704 .
1679 694 1689 704 .
1733 695 1743 704 .
1784 651 2113 711 ’δυεάζουσῖη

763 743 929 792 πυκνὸν
968 743 1175 798 νεύοντες
1213 742 1261 798 ἐς
1298 742 1384 811 τὴν
1423 748 1524 810 γῆν,
1566 742 1702 809 μόλις

765 830 918 900 ὥσπερ
967 830 1006 879 οἱ
1052 829 1302 897 σκώληκες
1349 830 1396 879 ἐν
1443 835 1537 886 τοῖς
1574 833 1812 900 κυττάροις
1850 829 2114 896 κινούμενοι.

262 924 492 985 apparet.
550 915 713 967 Acute
741 914 966 984 Langius
993 916 1058 969 de
1085 916 1352 985 particulis
1381 917 1446 973 ὡς
1473 918 1514 968 εἰ
1550 915 1776 984 loquitur
1803 915 1913 982 (1.1.
1936 932 1984 984 p.
2013 915 2118 967 540

267 1002 469 1071 [234]):
510 1003 561 1054 in
601 1002 665 1058 ὡς
705 1004 742 1052 εἰ
779 1003 972 1070 fungirt
1008 1004 1047 1052 εἰ
1084 1003 1221 1056 bloss
1259 1002 1336 1056 als
1362 1002 1640 1073 Exponent
1666 1001 1760 1056 der
1783 1001 1826 1054 F
1831 1002 2120 1071 allsetzung

263 1088 366 1140 und
398 1088 580 1141 vdeutet
617 1090 772 1142 somit
809 1106 891 1156 an,
932 1088 1052 1143 dass
1092 1088 1184 1142 der
1223 1089 1551 1157 verglichene
1590 1087 1928 1156 Gegenstand
1975 1088 2120 1142 nicht

263 1173 338 1225 als
378 1174 668 1227 wirklicher
705 1173 930 1227 sondern
969 1175 1045 1228 als
1083 1180 1341 1242 gesetzter
1379 1175 1473 1228 der
1500 1174 1883 1242 Vergleichung
1921 1173 2118 1229 dienst-

264 1260 353 1312 bar
391 1259 534 1325 wird,
573 1277 667 1312 nur
707 1259 866 1313 durch
894 1259 978 1313 die
1005 1259 1337 1327 Markierung
1364 1260 1457 1313 der
1484 1260 1708 1328 Setzung
1733 1259 2121 1314 unterscheidet

264 1361 317 1397 es
357 1345 461 1397 sich
502 1362 598 1398 von
639 1345 756 1398 dem
795 1345 1067 1399 einfachen
1107 1347 1172 1404 ὡς
1211 1346 1336 1400 oder
1375 1347 1507 1404 ὥςτε.

402 1430 470 1485 Ut
526 1433 577 1484 in
634 1432 1033 1502 compendiariis
1088 1433 1169 1487 his
1227 1434 1701 1504 comparationibus
1759 1433 1826 1491 ὡς
1873 1439 1925 1486 et
1970 1433 2037 1490 ὡς
2081 1433 2121 1484 εἰ

262 1527 630 1586 permutantur,
688 1520 759 1572 ita
820 1521 975 1573 etiam
1039 1538 1199 1573 unum
1260 1522 1558 1591 exemplum
1620 1521 1824 1591 plenius
1885 1521 2120 1591 prolatae

263 1605 660 1672 comparationis
701 1611 883 1672 exstat,
923 1606 974 1657 in
1015 1622 1115 1674 qua
1150 1622 1332 1660 vocem
1372 1609 1410 1658 εἰ
1447 1608 1500 1659 in
1538 1607 1827 1660 librisnon
1873 1606 2120 1660 traditam

263 1707 352 1743 suo
391 1691 599 1744 arbitrio
640 1691 863 1746 editores
901 1694 1257 1747 restituerunt:

262 1776 352 1828 Av.
397 1793 466 1829 vs.
510 1777 624 1829 180.
666 1779 829 1844 πόλος
868 1780 967 1829 τίνα
1004 1782 1192 1850 τρόπον;
1233 1778 1288 1831 Ρ.
1330 1779 1485 1851 ὥσπερ
1526 1780 1638 1831 εἴποι
1676 1799 1741 1838 τις
1779 1773 1931 1838 τόπος.

264 1863 417 1934 ὥσπερ
456 1865 565 1914 εἴποι
615 1882 716 1918 non
765 1871 845 1920 est
881 1883 974 1936 pro
1015 1867 1170 1938 ὥσπερ
1211 1870 1266 1918 ᾶν
1307 1868 1418 1919 εἴποι
1458 1866 1655 1921 dictum
1696 1867 1789 1922 sed
1827 1885 1921 1938 pro
1964 1866 2120 1940 ὥσπερ

264 1953 301 2001 εἰ
340 1953 463 2013 εἴποι,
507 1970 637 2020 quae
677 1953 950 2020 singularis
989 1955 1118 2008 ratio
1158 1955 1283 2008 satis
1310 1954 1674 2025 Aristophanis
1705 1972 1801 2010 usu
1828 1954 2122 2009 defenditur

266 2047 315 2091 et
360 2057 472 2092 eam
520 2057 612 2094 nos
660 2058 859 2109 quoque
905 2041 1096 2095 imitari
1142 2059 1416 2112 possumus
1474 2041 1767 2096 reddendo:
1825 2043 1922 2096 wie
1978 2044 2123 2096 einer

266 2141 423 2191 sagen
480 2126 680 2180 mochte
740 2127 847 2180 sive
902 2144 1038 2195 mag.
1122 2127 1345 2182 Cobetus
1404 2129 1644 2183 omnibus
1701 2128 2121 2184 adsentientibus

266 2210 482 2263 eandem
528 2212 745 2264 formam
793 2214 963 2266 versui
1009 2213 1168 2282 dedit,
1215 2231 1369 2283 quam
1413 2216 1467 2268 in
1527 2213 1760 2269 eiusdem
1818 2215 2122 2270 comoediae

267 2312 337 2348 vs.
384 2297 485 2346 ‘282
542 2297 834 2351 habuimus:
892 2299 1046 2371 ὥσπερ
1100 2302 1138 2350 εἰ
1181 2301 1348 2368 λε’·ςοις.
1424 2298 1704 2354 Formulae
1759 2299 1915 2373 ὥσπερ
1962 2305 2017 2353 ᾶν
2065 2303 2119 2364 εἰ,
2160 2350 2176 2355 ,,

267 2397 394 2448 quae
442 2383 577 2452 apud
625 2386 898 2454 scriptores
947 2388 1129 2442 atticos
1186 2389 1240 2441 in
1297 2389 1778 2458 comparationibus
1827 2395 2120 2460 usurpatur,

267 2484 410 2519 usum
467 2469 604 2538 apud
659 2472 1056 2542 Aristophanem
1114 2474 1311 2526 nullum
1372 2474 1491 2526 vidi.
1558 2473 1731 2528 Semel
1779 2475 2163 2530 coniectando*

268 2552 332 2609 ὡς
378 2557 431 2603 ἀν
481 2557 517 2605 εἰ
563 2554 890 2611 Halbertsma
936 2558 1011 2627 (οἷ’
1061 2562 1115 2610 ἀν
1164 2562 1201 2611 εἰ
1248 2559 1560 2624 Meinekius)
1606 2561 1659 2612 in
1698 2558 1840 2616 Eccl.
1882 2578 1956 2616 vs.
2000 2563 2119 2615 734.

268 2639 565 2694 effecerunt:
737 2661 810 2697 vs.
853 2647 969 2698 734.
1142 2649 1171 2716 ἡ
1213 2650 1360 2719 χυτρα
1398 2647 1521 2718 δεῦρ’
1562 2638 1695 2709 ἔξιθι,

599 2731 656 2799 νὴ
696 2730 761 2782 Δί’
802 2734 998 2800 μέλαινα
1036 2734 1093 2802 γ’.
1135 2736 1228 2786 οὐδ’
1270 2739 1324 2786 ἆν
1365 2737 1403 2787 εἰ
1440 2736 1491 2786 τὸ
1533 2739 1780 2806 φάρμακον

601 2818 758 2888 ἓψουσ’
798 2821 958 2892 ε’τυχες
997 2823 1030 2893 (ξ
1073 2826 1368 2896 Λυσικράτης
1407 2824 1686 2891 μελαίνεται.

268 2899 526 2956 Traditam
589 2908 895 2976 scripturam
952 2909 1250 2965 Dindorfius
1307 2911 1536 2980 explicat
1592 2910 1713 2961 ὥστε
1770 2910 1853 2961 οὐκ
1909 2913 1964 2962 ᾰν
2023 2911 2122 2980 εἴης

266 2989 542 3060 μελαντέρα,
593 2992 687 3044 οὐδ’
727 2997 780 3045 ᾶν
821 2997 872 3057 εἰ,
923 2998 1053 3050 mira
1100 3004 1153 3051 et
1196 2997 1487 3051 incredibili
1536 2997 1724 3068 ellipsi‚
1772 3015 1904 3066 quae
1948 2999 2119 3068 ipsum

268 3093 466 3145 quoque
505 3081 662 3133 movit
699 3090 754 3135 ut
791 3083 982 3152 aliquid
1011 3084 1266 3139 excidisse
1291 3091 1510 3155 putaret.
1569 3085 1795 3140 Dobraei
1830 3085 2119 3140 adnotatio:

270 3162 560 3229 „vulgatam
600 3164 829 3220 defendit
868 3168 986 3238 Lys.
1028 3187 1100 3222 vs.
1142 3171 1269 3223 307:
1309 3171 1472 3222 οὐκοῦν
1513 3174 1583 3233 ἂν,
1633 3174 1671 3223 εἰ
1714 3173 1976 3240 θείμεσθα;
2033 3171 2121 3224 ubi

269 3249 503 3302 similiter
548 3252 739 3319 pendet
784 3256 869 3304 rit-2²
912 3256 1058 3308 nihili
1103 3263 1204 3324 est;
1262 3273 1384 3310 nam
1427 3259 1652 3327 primum
1700 3259 1801 3313 loci
1841 3257 2121 3313 dissimiles

269 3343 399 3400 sunt,
439 3345 543 3388 tum
584 3355 686 3390 non
727 3338 790 3391 de
829 3341 1179 3408 intellegenda
1204 3343 1460 3412 particula
1497 3348 1553 3395 ἀν
1591 3347 1759 3412 agitur
1786 3346 1880 3400 sed
1905 3345 1971 3399 de
1996 3346 2116 3397 οὐδέ.

271 3418 517 3487 Equidem
582 3424 704 3476 nihil
770 3425 932 3480 habeo
995 3446 1092 3496 quo
1155 3430 1432 3496 caliginem
1494 3432 1763 3485 verborum
1827 3433 2120 3504 dispellam‚
