2266 3722
1034 194 1380 271 -29.-

206 358 208 360 ’
283 342 482 396 Certius
519 344 586 397 de
632 344 796 397 altero
845 345 992 396 huius
1038 364 1157 397 usus
1203 349 1439 416 exemplo
1480 350 1755 403 admodum
1805 353 2122 405 memorabili

281 418 511 481 iudicare
576 445 864 498 possumus.
959 430 1085 482 Cum
1150 433 1203 483 in
1266 434 1507 502 parabasi
1570 440 1679 488 tum
1745 438 1795 488 in
1859 438 2123 506 parabasis

281 512 629 581 epirrhemate
667 519 721 566 et
759 515 1191 583 antepirrhemate
1223 519 1392 585 poetis
1431 519 1541 576 ἔθος
1578 523 1761 592 χρηστά
1802 522 2122 589 συμβουλεύειν

279 595 344 666 τῇ
380 600 524 655 πόλει.
588 598 784 667 Itaque,
824 602 867 653 si
907 607 994 653 aut
1030 601 1316 655 fabulosam
1357 605 1509 656 vitam
1551 609 1925 675 spectatoribus
1966 625 2121 677 expe-

279 686 492 739 tendam
538 685 771 754 depingit
808 693 896 739 aut
940 688 1159 742 civitatis
1205 706 1374 743 mores
1420 694 1682 760 proposita
1726 694 1952 747 melioris
1991 695 2123 747 vitae

279 772 506 838 imagine
563 771 843 824 emendare
899 771 1087 838 studet,
1143 778 1300 842 poeta
1355 775 1671 829 condicionis
1727 795 1825 830 non
1882 779 2123 846 impletae

278 856 456 909 formis
494 863 665 908 utatur
712 872 928 909 necesse
966 861 1064 924 est,
1108 857 1163 909 id
1202 858 1337 926 quod
1382 860 1784 914 luculentissime
1820 880 1882 915 ex
1922 865 2011 914 Av.
2049 880 2120 916 vs,

279 942 380 992 785
451 948 682 1010 apparet.
784 940 1084 1011 Optativum
1145 942 1787 1013 Thesmophoriazusarum
1857 949 1909 999 in
1972 965 2123 1016 para-

280 1026 390 1078 basi
427 1025 602 1078 habes.

277 1128 350 1164 VS.
390 1112 508 1162 832.
548 1118 667 1182 χρῆν
705 1113 806 1183 γάρ,
847 1115 982 1180 ἡμῶν
1025 1115 1063 1163 εἰ
1100 1116 1219 1163 τέκον.
1259 1133 1332 1170 τις·
1363 1117 1506 1187 ἄνδρα
1543 1118 1746 1186 χρηστὸν
1786 1119 1849 1184 τῇ
1887 1119 2031 1178 πόλει,

548 1199 786 1269 προεδρίαν
827 1199 952 1266 αὐτῇ
988 1201 1194 1250 δίδοσθαι
1233 1202 1335 1252 κτλ.

277 1282 385 1345 Quo
432 1286 598 1351 magis
643 1286 930 1354 optativum
977 1287 1264 1355 imperfecti
1311 1305 1452 1341 more
1490 1291 1709 1357 positum
1753 1308 1866 1343 esse
1906 1292 2121 1356 eluceat,

276 1385 341 1421 ex
378 1367 527 1421 Pacis
567 1371 802 1438 parabasi
845 1371 1128 1439 adponam:

274 1472 347 1507 vs.
388 1456 504 1507 734.
544 1456 663 1526 χρῆν
704 1455 786 1522 μὲν
826 1458 1000 1506 τύπτειν
1040 1458 1144 1513 τοὺς
1186 1458 1483 1528 ῥαβδούχους,
1534 1462 1571 1509 εἴ
1617 1479 1680 1516 τις
1731 1462 2125 1530 κωμῳδοποιητὴς

551 1544 686 1592 αυτὸν
727 1544 898 1610 ἐπῄνει.

413 1634 690 1704 Postquam
744 1638 910 1689 varias
963 1636 1204 1704 apodosis
1255 1638 1446 1690 formas
1498 1641 1906 1692 enumeravimus
1969 1648 2120 1708 atquc

231 1740 236 1745 ·
275 1720 656 1787 illustravimus,
713 1723 1005 1791 proximum
1061 1732 1141 1774 est
1195 1730 1250 1773 ut
1295 1722 1359 1775 de
1399 1725 1624 1792 optativo
1672 1726 1722 1776 in
1770 1726 1958 1792 protasi
2009 1742 2121 1777 cum

274 1809 329 1856 ἄν
369 1813 660 1860 constructo
708 1806 957 1859 dicamus.
1030 1806 1299 1858 Librorum
1342 1809 1590 1860 memoria
1635 1827 1786 1860 unum
1829 1810 2122 1878 exemplum

272 1892 518 1946 traditum
558 1898 660 1945 est:

275 1978 405 2032 Nub.
446 1995 518 2031 VS.
560 1980 709 2028 1183.
752 1977 834 2027 οὐκ
873 1981 929 2026 ἂν·
967 1980 1162 2043 γένοιτο;
1205 1978 1293 2030 Ph.
1334 1984 1433 2034 πῶς
1471 1983 1579 2049 *stiffi
1622 1980 1660 2028 εἰ
1698 1982 1761 2046 μή
1805 1981 1887 2049 πέρ
1925 1978 1965 2046 γ’
1989 1983 2086 2047 ἅμα

755 2065 872 2133 αὐτὴ
912 2065 1069 2132 γένοιτ’
1110 2068 1164 2114 ἄν
1203 2072 1344 2136 γραῦς
1382 2085 1431 2116 τε
1470 2067 1545 2115 καὶ
1582 2069 1664 2116 νέα
1702 2071 1829 2134 γυνή.

273 2152 410 2222 quod
456 2152 520 2204 de
567 2159 853 2205 structurae
898 2154 1095 2204 ratione
1142 2169 1243 2205 non
1291 2164 1594 2220 quaerentes
1652 2155 1883 2205 certatim
1933 2153 2121 2205 delent.

273 2239 349 2290 De
405 2239 486 2305 ἕνῃ
536 2238 612 2287 καὶ
667 2241 750 2306 νέᾳ
807 2239 913 2303 agit
956 2236 1308 2305 Phidippides,
1353 2255 1482 2305 quae
1526 2238 1633 2289 fieri
1692 2255 1793 2290 non
1838 2225 2016 2306 possit,
2076 2245 2128 2289 et

273 2324 557 2394 Strepsiadi
595 2326 803 2377 miranti
841 2342 949 2376 rem
977 2324 1214 2392 exemplo
1243 2326 1441 2392 probat.
1472 2324 1740 2393 Optativus
1780 2326 1828 2376 in
1859 2325 2124 2377 enuntiato

271 2410 617 2466 condicionali
656 2410 968 2479 potentialis,
1009 2410 1092 2476 qui
1134 2417 1358 2476 vocatur,
1397 2416 1491 2476 est,
1531 2426 1764 2477 quorem
1802 2410 1924 2478 poni
1964 2410 2125 2475 signi-

269 2496 466 2548 ficatur.
553 2496 645 2548 Cui
694 2497 735 2548 si
780 2495 1035 2565 particula
1080 2498 1134 2544 ἄν
1182 2495 1402 2562 additur,
1449 2498 1610 2565 ipsius
1659 2496 1945 2548 sententiae
1993 2494 2123 2548 fides

272 2581 598 2634 deminuitur.
676 2581 895 2648 Egregie
934 2582 1088 2646 igitur
1126 2581 1242 2633 huic
1281 2582 1393 2634 loco
1433 2589 1607 2650 aptam
1647 2598 1762 2633 esse
1809 2580 2122 2647 singularem

268 2668 723 2732 constructionem,
780 2683 931 2719 nemo
978 2673 1056 2718 est
1112 2668 1232 2734 quin
1288 2661 1568 2733 intellegat.
1654 2666 1756 2718 Sed
1812 2668 1968 2718 etiam
2021 2666 2126 2718 alia

249 2754 468 2806 ‘ratione
518 2750 781 2822 Optativus
838 2769 956 2805 cum
1002 2755 1057 2802 ἄν
1113 2754 1359 2805 firmatur.
1441 2751 1780 2821 Phidippides
1836 2753 1994 2805 verba
2048 2753 2124 2806 sic

269 2837 450 2891 efferre
488 2839 678 2907 potuit:
719 2840 757 2889 εἰ
805 2842 869 2907 μή
918 2841 999 2910 πέρ
1046 2837 1190 2907 γ’ἅμα
1237 2839 1354 2906 αὕτη
1394 2841 1584 2906 γίγνεται
1623 2839 1727 2897 κτλ,
1767 2839 1821 2890 in
1860 2838 2041 2905 quibus
2080 2839 2120 2891 si

269 2928 461 2995 γίγνεται
487 2944 578 2996 per
602 2925 761 2994 γένοιτ’
803 2929 858 2975 ἄν
899 2927 1380 2995 circumscripseriS,
1408 2925 1652 2978 traditam
1682 2924 1920 2978 codicum
1958 2925 2121 2994 scrip-

270 3019 437 3066 turam
477 3013 710 3066 habebis,

415 3101 650 3169 Denique
685 3100 1043 3153 disserendum
1073 3105 1151 3152 est
1178 3099 1243 3151 de
1269 3100 1330 3151 iis
1358 3100 1636 3152 enuntiatis
1663 3097 2123 3166 condicionalibuS‚

271 3203 402 3255 quae
441 3192 528 3239 aut
565 3187 804 3254 obliquae
843 3185 1058 3238 orationi
1099 3186 1292 3237 inserta
1317 3191 1436 3235 sunt
1461 3191 1548 3235 aut
1575 3185 1854 3237 enuntiatis
1881 3184 2122 3238 finalibus

269 3270 528 3326 subiecta.'
590 3271 767 3324 Pauca
802 3277 1003 3323 tantum
1043 3269 1283 3338 exempla
1320 3268 1468 3321 huius
1505 3270 1708 3335 generis
1746 3268 1886 3338 apud
1924 3270 2123 3323 Aristo-

268 3357 494 3427 phanem
542 3361 763 3423 exstant,
808 3355 946 3423 quod
991 3356 1064 3407 ita
1109 3355 1373 3423 explicant
1416 3355 1756 3419 grammatici,
1802 3360 1858 3406 ut
1911 3356 1950 3405 εἰ
2004 3371 2121 3408 cum

269 3445 495 3513 optativo
533 3444 756 3512 positum
784 3459 897 3495 esse
922 3457 1016 3510 pro
1054 3440 1135 3490 ἐάν
1174 3456 1288 3492 cum
1319 3442 1642 3494 coniunctivo
1671 3441 1920 3495 orationis
1947 3445 2122 3495 rectae
