2266 3722
203 327 435 390 dixerim,
484 341 634 376 senes
682 324 757 374 bis
805 339 992 390 pueros
1042 339 1170 374 esse.
1260 321 1413 374 Hisce
1462 324 1646 375 tinibus
1693 322 1956 374 indicativi
2014 324 2065 375 in

201 411 393 481 protasi
421 408 741 479 paratactica
768 406 983 459 adhibiti
1011 423 1132 459 usus
1159 405 1298 474 apud
1327 406 1727 476 Aristophanem
1757 408 2064 461 continetur.

342 495 589 547 Venimus
629 490 697 544 ad
736 492 1037 560 optativum,
1065 491 1211 543 cuius
1250 498 1447 544 certum
1485 492 1781 562 exemplum
1820 499 1900 546 est

201 582 317 635 Pac.
360 597 430 633 vs.
471 580 557 631 43.
597 578 761 628 οὐκοῦν
799 580 854 627 ἂν
893 577 988 645 ἤδη
1026 582 1118 627 τῶν
1157 578 1344 628 θεατῶν
1382 596 1449 635 τις
1486 579 1611 646 λέγοι

592 666 775 722 νεανίας
814 706 823 714 .
868 705 877 715 .
922 706 932 715 .
974 662 1076 732 κᾷτ’
1100 664 1227 734 αὐτῷ
1263 663 1305 733 γ’
1328 665 1447 736 ἀνὴρ

593 753 791 809 Ἰωνικός
828 754 894 809 τίς
933 771 1072 823 φησιν
1110 752 1213 803 κτλ.

198 841 412 895 Collatis
452 840 728 893 simillimis
767 841 954 892 Avium
995 839 1251 893 versibus:

201 928 313 979 166.
355 927 517 977 αὐτίκα
557 927 673 978 167.
714 927 807 978 ἐκεῖ
843 925 951 998 παρ’
974 927 1084 994 ἡμῖν
1123 925 1230 982 τοὺς
1267 927 1547 992 πετομένους
1585 927 1642 994 ἢν
1680 927 1766 997 ἔρῃ

357 1017 454 1080 »τίς
493 1017 611 1086 ὄρνις
651 1015 844 1078 οὖτος“;
885 1016 907 1065 ὁ
947 1015 1131 1070 Τελέας
1170 1014 1262 1085 ἐρεῖ
1300 1014 1415 1064 ταδί.

199 1102 263 1156 de
303 1104 486 1173 prioris
527 1103 780 1156 enuntiati
820 1102 868 1153 vi
909 1101 1280 1155 condicionali:
1322 1101 1365 1153 si
1405 1101 1517 1169 quis
1557 1099 1711 1167 dicat,
1763 1102 1808 1153 ei
1850 1118 2064 1171 respon-

199 1189 335 1255 deat,
375 1189 626 1242 dubitatio
677 1205 791 1241 esse
831 1204 935 1241 non
972 1194 1159 1257 potest.
1239 1186 1315 1239 De
1360 1186 1523 1239 altero
1563 1187 1776 1256 optativi
1824 1187 2064 1257 exemplo

266 1275 391 1329 Ach.
434 1292 504 1328 VS.
548 1275 698 1327 1195.
741 1274 886 1324 έκεῖνο
924 1273 965 1324 δ’
990 1273 1178 1324 αἰακτὸν
1218 1275 1273 1324 ᾶν
1311 1274 1482 1340 γένοιτό
1521 1291 1611 1340 μοι,

740 1362 1029 1418 Δικαιόπολις
1067 1363 1122 1411 ἄν
1162 1359 1317 1429 μ’ῖῗδοι
1355 1363 1662 1433 τετρωμένον,

736 1447 838 1500 κᾶτ’
861 1450 1118 1521 ἐγχανεῖται
1155 1454 1256 1506 ταῖς
1294 1448 1428 1517 ἐμαῖς
1464 1450 1684 1520 τύχαισιν.

198 1554 417 1603 magnae
455 1541 679 1589 virorum
728 1536 997 1590 doctorum
1046 1535 1398 1590 dissensiones
1445 1544 1578 1590 sunt.
1655 1535 1847 1599 Quales
1887 1552 2064 1588 versus

198 1623 341 1673 1196·
370 1629 421 1674 et
461 1623 596 1673 1197
637 1621 906 1692 descripsi,
946 1623 998 1675 in
1039 1620 1221 1675 codice
1259 1621 1563 1675 Ravennate
1600 1620 1887 1675 traduntur.
1963 1620 2063 1673 La-

195 1706 406 1760 machus
454 1708 750 1761 vulneratus
798 1715 849 1761 et
892 1709 943 1761 in
1001 1724 1213 1762 scenam
1259 1706 1480 1775 delatus,
1528 1725 1592 1760 ne
1638 1708 1848 1776 insuper
1893 1724 1924 1759 a
1972 1705 2062 1758 Di-

197 1793 497 1860 caeopolide
536 1794 820 1860 sugilletur,
859 1795 1022 1847 timet.
1083 1792 1178 1857 Qui
1221 1810 1338 1847 cum
1379 1811 1581 1847 summo
1623 1792 1803 1847 dolore
1842 1791 2060 1846 affectus

196 1880 366 1945 eiulet,
407 1880 607 1946 integra
645 1880 913 1933 enuntiata
939 1881 1046 1933 iam
1085 1879 1317 1949 proferre
1356 1897 1458 1933 non
1486 1884 1662 1949 potest
1700 1886 1854 1947 atque
1893 1878 2058 1931 oratio

196 1965 520 2017 membratim
563 1965 903 2034 progreditur.
978 1967 1222 2019 Actorem
1262 1972 1380 2034 post
1407 1963 1810 2034 unumquodque
1849 1970 2059 2018 senten-

194 2051 295 2102 tiae
335 2051 484 2103 colon
524 2067 702 2103 vocem
744 2051 1053 2120 repressisse
1100 2058 1254 2120 atque
1293 2051 1519 2118 graviter
1562 2050 1882 2118 ingemuisse
1918 2048 2058 2103 haud

196 2137 367 2205 inepte
406 2136 661 2203 fingimus.
738 2135 880 2199 Quae
919 2154 1035 2189 cum
1074 2138 1148 2190 ita
1187 2139 1305 2205 sint,
1346 2153 1659 2206 quamquam
1705 2151 1902 2188 meram
1941 2136 2058 2189 bar-

196 2223 386 2274 cariem
444 2221 634 2274 tradita
690 2223 848 2276 verba
903 2239 1019 2276 esse
1067 2222 1374 2293 Blaydesius
1423 2223 1673 2290 clamitat,
1731 2238 1826 2289 ego
1882 2228 2057 2275 tamen

196 2324 223 2358 e
251 2308 406 2360 totius
433 2308 532 2360 loci
562 2314 744 2361 natura
781 2325 844 2361 ea
882 2309 1007 2362 satis
1048 2309 1181 2362 bene
1221 2309 1470 2379 explicari
1507 2323 1662 2378 posse
1701 2307 2059 2376 editorumque

196 2393 363 2445 varias
402 2395 728 2447 coniecturas
769 2412 830 2446 ex
870 2403 1254 2464 praeoccupata
1292 2402 1466 2448 mente
1503 2401 1652 2447 natas
1693 2410 1809 2446 esse
1836 2392 2056 2446 confido.

197 2477 394 2532 Medius
442 2497 618 2533 versus
663 2481 886 2549 protasis
934 2479 1308 2534 condicionalis
1355 2482 1465 2533 vice
1510 2480 1738 2546 fungitur
1794 2485 1964 2548 atque,
2015 2480 2056 2531 si

195 2564 349 2616 verba
405 2582 506 2617 una
562 2564 1025 2633 comprehensione
1084 2566 1456 2636 complectare,
1513 2565 1651 2618 idem
1712 2565 1848 2638 valet
1903 2574 2057 2634 atque

193 2651 230 2700 εἷ
268 2649 432 2717 μ’ἵδοι.
473 2650 866 2719 Interrogationi
917 2653 969 2704 in
1021 2660 1236 2721 utroque
1283 2652 1522 2722 exemplo
1570 2652 1741 2705 locum
1789 2668 1890 2705 non
1942 2669 2058 2705 esse

193 2745 373 2805 sponte
412 2743 572 2807 patet.

331 2822 512 2876 Restat
567 2826 772 2878 tertium
830 2827 1057 2894 protasis
1114 2828 1467 2896 paratacticae
1530 2843 1693 2895 genus
1749 2826 2056 2896 imperativo

192 2907 444 2961 effectum.
538 2909 925 2979 Exemplorum,
992 2927 1126 2981 quae
1183 2911 1393 2980 quidem
1457 2910 1596 2982 apud
1653 2911 2052 2982 Aristophanem

194 2994 314 3045 mihi
378 3003 724 3061 occurrerunt,
784 3013 846 3048 ea
895 3001 976 3049 est
1031 2995 1253 3062 indoleS,
1307 3006 1362 3051 ut
1417 2996 1483 3051 de
1528 2998 1934 3065 interrogatione
1989 3016 2055 3051 ne

192 3081 402 3145 cogitari
443 3081 647 3149 quidem
699 3083 864 3150 possit
955 3080 1020 3135 Ut
1067 3099 1098 3135 a
1144 3083 1463 3152 planissimis
1509 3083 1744 3137 versibus
1790 3085 2054 3154 incipiam,

191 3164 479 3233 imperativi
518 3167 592 3219 vis
633 3166 1006 3220 condicionalis
1046 3168 1215 3222 elucet
1253 3170 1304 3221 in

296 3251 415 3305 Pac.
455 3271 526 3306 vs.
570 3253 720 3304 1246.
762 3254 839 3303 τὸν
878 3253 961 3320 μὲν
1001 3255 1234 3323 μόλυβδον
1275 3297 1285 3307 .
1330 3297 1339 3307 .
1385 3287 1395 3298 ·
1438 3257 1614 3326 ἔγχεον,

765 3340 995 3392 ἐντευθενὶ
1031 3341 1081 3393 δὲ
1120 3345 1351 3414 σπαρτίοις
1388 3345 1659 3415 ἠρτημένην

764 3429 1018 3496 πλάστιγγα
1057 3432 1270 3501 πρόςθες,
1311 3431 1453 3483 καύτό
1493 3451 1560 3482 σοι
1585 3435 1826 3502 γενήσεται
1863 3434 1966 3484 κτλ.
