2266 3722
1062 88 1409 137 ,14-

442 249 782 302 Indicativum
812 244 985 296 aoristi
1014 243 1065 293 in
1097 243 1292 310 protasi
1319 240 1666 294 condicionali
1687 257 1846 309 saepe
1871 241 1925 293 in
1952 240 2171 310 apodosi

298 335 532 402 sequitur
559 332 870 386 indicativus
896 328 1200 396 praesentis
1262 325 1376 379 Non
1403 327 1579 379 omnia
1603 326 1741 395 apud
1770 326 2170 395 Aristophanem

300 419 548 488 exempla
585 418 851 470 notionem
879 411 1293 465 condicionalem
1319 419 1427 463 tam
1455 412 1710 464 sinceram
1749 417 1976 478 servant,
2016 428 2170 480 quam

471 503 528 555 R.
559 520 631 556 vs.
661 502 779 552 613.
820 501 860 550 εἰ
896 497 1072 549 πώποτ’
1113 498 1269 566 ἦλθον
1307 498 1447 568 δεῦρ’,
1488 498 1649 548 ἐθέλω
1686 499 1978 566 τεθνηκέναι.

303 589 510 642 Accidit
548 589 721 650 etiam,
760 594 815 637 ut
843 583 1192 637 declarandae
1230 600 1420 637 causae
1460 586 1499 635 εἰ
1531 585 1794 638 inserviat.
1852 585 2065 638 Praeter
2089 585 2170 637 in·-

306 676 583 728 dicativum
612 672 899 742 praesentis
926 672 978 722 in
1007 669 1222 738 apodosi
1252 670 1566 724 indicativus
1593 672 1752 724 futuri
1781 671 1983 738 legitur,
2016 671 2170 724 velut:

374 759 502 828 Equ.
534 776 603 811 vs.
633 758 753 808 482.
794 760 876 824 ἄγε
914 756 973 823 ’δὴ
1014 755 1068 806 σὺ
1108 757 1208 805 τίνα
1244 762 1349 806 νοῦν
1388 758 1419 825 ἢ
1458 758 1558 807 τίνα
1595 758 1785 825 γνώμην
1825 757 1962 827 ἔχεις,

795 844 889 894 νυνὶ
925 834 1138 903 διδάξεις,
1180 844 1302 914 εἴπερ
1342 845 1594 915 ἀπεκρύψω
1632 843 1742 894 ποτὲ

793 931 842 987 ἐς
879 930 945 980 τώ
984 932 1174 1000 κοχώνα
1211 931 1262 980 τὸ
1301 933 1457 1001 κρέας,
1500 931 1566 988 ώς
1605 931 1743 988 αὐτὸς
1780 931 1946 998 λέγεις.

306 1018 567 1071 Particula
604 1020 742 1089 εἴπερ,
773 1033 889 1071 curn
916 1018 1074 1070 verba
1102 1017 1228 1069 nihil
1258 1018 1464 1070 valeant
1489 1019 1614 1071 nisi:
1649 1024 1706 1070 ut
1730 1024 1901 1084 antea,
1929 1017 2170 1085 quotiens

307 1122 515 1157 carnem
555 1105 749 1157 furatus
788 1121 922 1170 eraS,
962 1107 1168 1155 versute
1193 1109 1245 1155 te
1283 1103 1499 1156 crimine
1536 1102 1868 1172 expediebas,
1907 1103 1980 1155 ita
2016 1118 2170 1168 nunc,

307 1208 404 1259 quo
452 1192 521 1243 sis
567 1193 758 1253 animo,
806 1188 1071 1254 ostendaS,
1120 1187 1332 1241 deflexit
1378 1205 1409 1241 a
1446 1191 1495 1241 vi
1535 1189 1886 1242 condicionali
1934 1189 1989 1240 in
2029 1204 2171 1241 com-

305 1278 609 1345 parativam.
684 1275 826 1329 Idem
865 1274 1111 1327 affirmari
1160 1280 1328 1342 potest
1366 1274 1432 1328 de

431 1361 921 1414 Thesm.vs.1155.
962 1361 1175 1427 μόλετον,
1217 1361 1432 1417 ἔλθετον,
1474 1360 1715 1428 ἀντόμεθ’,

769 1449 921 1499 1157.
963 1450 1001 1498 εἰ
1038 1449 1115 1498 καὶ
1153 1451 1371 1519 πρότερον
1409 1447 1510 1499 ποτ’
1533 1449 1722 1517 ἐπηκόω

956 1536 1151 1603 ἤλθετε,
1179 1542 1257 1586 νῦν
1285 1537 1522 1606 ἀφίκεσθ’,
1546 1537 1823 1604 ἱκετεύομεν,
1853 1532 2013 1585 ἐνθάδ’
2040 1535 2166 1602 ἡμῖν.

309 1620 646 1672 Grammatici
707 1630 756 1672 et
811 1622 1121 1692 interpretes
1180 1624 1420 1692 copulam
1475 1626 1552 1674 καί
1598 1625 1650 1676 in
1705 1623 1969 1677 enuntiato
2016 1621 2171 1690 pleno

307 1713 423 1774 post
480 1706 517 1755 εἰ
572 1706 835 1772 insertam,
886 1724 1015 1775 quae
1073 1710 1124 1760 in
1170 1708 1392 1762 formula
1429 1712 1468 1762 εἴ
1504 1730 1571 1767 τις
1619 1710 1695 1760 καὶ
1754 1709 1906 1764 ἄλλος
1961 1708 2172 1776 saepius

306 1793 542 1857 occurrit,
583 1808 649 1843 ne
689 1792 843 1844 verbo
884 1792 1090 1860 quidem
1133 1794 1343 1861 dignam
1385 1803 1710 1866 putaverunt.
1788 1795 1841 1848 Si
1879 1809 2173 1847 sermonem

306 1877 372 1928 ad
412 1876 673 1943 cogitandi
714 1894 949 1930 normam
992 1878 1259 1946 di1·exeriS‚
1298 1881 1537 1950 legitima
1575 1881 1801 1951 exempli
1839 1880 2007 1933 forma
2043 1878 2175 1932 haec

306 1964 424 2015 erit:
466 1964 504 2013 εἰ
543 1966 761 2034 πρότερον
801 1964 892 2014 ποτ’
932 1965 1120 2033 ἐπηκόω
1160 1967 1355 2034 ἤλθετε,
1398 1970 1474 2019 καὶ
1498 1975 1576 2019 νῦν
1618 1967 1850 2039 ἀφίκεσθ’,
1893 1966 2170 2033 ἱκετεύομεν.

307 2047 409 2100 Sed
449 2066 565 2102 cum
605 2050 970 2104 ardentissime
1010 2052 1196 2106 chorus
1225 2054 1641 2125 Thesmophoras
1680 2054 1747 2107 ad
1785 2055 1955 2123 ipsum
1994 2053 2174 2106 venire

307 2142 465 2202 optet,
492 2136 856 2204 intempestive
884 2137 934 2188 in
973 2138 1139 2206 ipsam
1174 2142 1424 2208 protasim
1466 2141 1708 2194 desiderii
1740 2138 2172 2207 significationem

306 2218 520 2285 infarsit‚
550 2220 686 2287 quod
714 2219 931 2289 apodosi
959 2224 1265 2276 continetur.
1329 2226 1493 2278 Aliter
1519 2225 1794 2293 singularis
1820 2224 1952 2277 haec
1975 2224 2170 2278 locutio

308 2305 390 2355 vix
413 2305 723 2373 explicanda
744 2313 821 2358 est
843 2314 995 2374 atque
1023 2309 1263 2375 analogia
1288 2313 1674 2365 enuntiatorum
1702 2311 2171 2379 comparativorum

306 2389 486 2461 (ὥσπερ
526 2392 601 2440 καὶ
640 2421 707 2426 -
747 2391 916 2458 οὕτως)
965 2400 1114 2445 extra
1151 2411 1358 2447 omnem
1405 2395 1745 2449 dubitationis
1784 2396 1954 2448 aleam
1999 2396 2175 2465 posita

307 2493 422 2529 esse
471 2477 593 2529 mihi
642 2477 772 2531 haec
817 2480 946 2532 ratio
996 2478 1210 2532 videtur.
1298 2480 1530 2534 Similem
1578 2482 1829 2534 sermonis
1887 2481 2060 2548 graeci
2105 2481 2171 2534 ab

307 2563 442 2613 iusta
487 2563 748 2629 cogitandi
800 2563 916 2630 lege
964 2565 1343 2618 aberrationem
1394 2568 1446 2618 in
1497 2567 1717 2619 formula
1765 2568 1802 2617 εἰ
1849 2570 1914 2635 μή
1955 2583 2170 2635 praece-

308 2645 461 2699 dente
508 2649 756 2702 vocabulo
797 2651 919 2700 ἄλλο
966 2659 1151 2719 postea
1189 2652 1596 2719 observabimus,
1644 2670 1776 2721 quae
1814 2670 1916 2706 vox
1959 2658 2012 2705 et
2055 2653 2172 2721 ipsa

308 2732 661 2786 exclusionem
708 2738 780 2788 rei
828 2754 920 2805 per
967 2738 1216 2806 protasim
1276 2754 1576 2806 expressam
1634 2740 1686 2790 in
1745 2738 1961 2808 apodosi
2017 2753 2170 2807 prae-

308 2817 528 2883 positiva
567 2822 842 2889 antecapit.
919 2820 1127 2874 Nullum
1168 2830 1439 2891 praeterea
1466 2824 1831 2893 Aristophanis
1871 2822 2169 2892 exemplum

307 2902 357 2951 in
399 2906 835 2970 comparationem
876 2909 1048 2960 vocari
1088 2912 1260 2976 potest
1298 2908 1396 2960 nisi
1437 2908 1565 2960 forte
1606 2907 1758 2977 Vesp.
1788 2925 1860 2961 vs,
1891 2909 2013 2960 556.

392 2988 607 3058 οἷκτεερον
648 2989 712 3056 μ’.
760 2991 797 3041 (ἶ)
836 2998 994 3064 πάτερ,
1037 2995 1248 3060 αἰτοῦμαί
1289 2991 1348 3048 3⁷,
1390 2994 1428 3043 εἷ.
1465 2993 1635 3050 καύτὸς
1672 2992 1855 3044 πώποθ’
1899 2993 2106 3064 ὑφείλου.

307 3070 599 3140 Imperativi
638 3076 807 3129 locum
845 3080 898 3130 in
937 3079 1151 3147 apodosi
1191 3079 1352 3131 semel
1392 3081 1764 3143 coniunctivus‚
1805 3082 1888 3148 qui
1929 3087 2010 3134 est
2046 3096 2167 3150 pro-

309 3155 545 3223 hibentis,
593 3161 810 3214 obtinet:
858 3162 932 3215 Pl.
983 3182 1054 3216 τίς.
1107 3164 1241 3215 1146
1287 3165 1353 3232 μὴ
1395 3153 1780 3234 μνησικακήσῃς,
1822 3169 1861 3217 εἰ
1906 3166 1962 3217 σὺ
2002 3167 2168 3236 Φυλὴν

308 3244 579 3310 κατέλαβες.
659 3245 928 3314 Optativus
969 3250 1109 3301 socia
1146 3251 1401 3319 particula
1438 3255 1492 3302 ἄν
1532 3252 1748 3306 habetur
1785 3255 1838 3306 in

310 3328 437 3379 Ach.
461 3348 532 3382 vs.
556 3333 673 3384 307.
704 3339 801 3390 πῶς
839 3335 888 3383 δέ
917 3333 955 3401 γ’
990 3337 1043 3384 ἂν
1082 3337 1244 3392 καλῶς
1281 3339 1434 3395 λε’νοίς
1472 3341 1541 3399 ἂν,
1583 3339 1705 3409 εἴπερ
1745 3340 1943 3390 ἐσπείσω
1974 3331 2165 3406 γ’ἅπάξ.
