2266 3722
978 151 1323 203 *36-

228 318 414 373 ticulae
459 316 538 366 ἐάν
586 330 702 366 cum
753 309 939 380 copula
983 310 1057 359 καί
1109 305 1522 360 coniunctionem
1580 304 1877 368 omittimus,
1927 319 2075 370 quae,

228 406 325 458 nisi
365 401 665 456 concessiva
702 404 795 465 est,
824 412 1030 466 semper
1067 395 1238 464 priore
1276 392 1390 445 loco
1430 390 1662 458 habetur,
1690 391 2075 444 enuntiatorum

234 486 632 543 condicinalium
677 500 770 553 per
814 483 894 533 ἐάν
943 480 1048 549 (ἦν)
1094 477 1500 533 introductorum
1557 481 1761 530 centum
1808 475 2080 542 sexaginta

232 577 452 644 quinque
499 570 740 640 exempla
784 570 857 622 ita
901 573 1202 637 comparata
1245 572 1378 632 sunt,
1424 570 1479 616 ut
1523 564 1743 632 protasis
1781 560 2078 632 praecedat,

227 663 279 714 in
302 665 506 714 centum
528 655 802 710 duodecim
824 653 1074 723 exemplis
1095 650 1336 721 apodosis
1355 651 1579 719 priorem
1600 649 1768 702 locum
1792 648 2075 717 occupavit.

227 745 403 812 Longe
441 742 707 814 praevalet
754 742 807 792 in
845 739 1026 793 horum
1075 738 1460 791 enuntiatorum
1505 733 1722 804 apodosi
1768 733 2078 786 indicativus

228 832 400 898 futuri,
441 846 556 883 cum
594 827 648 879 id
693 833 898 895 tempus
944 841 975 877 a
1019 824 1212 894 protasi
1252 829 1303 875 et
1346 823 1460 891 ipsa
1503 822 1555 873 in
1606 819 1777 873 futuro
1825 818 2080 872 collocata

226 919 437 970 minime
494 915 782 968 abhorreat.
842 911 918 964 De
975 910 1351 977 significatione
1393 909 1473 974 iis,
1519 924 1650 975 quae
1695 906 1760 959 de
1805 909 2078 975 exspecta-

227 1005 366 1057 tione
403 1003 456 1054 in
485 1001 563 1055 his
603 998 879 1053 enuntiatis
917 1012 1165 1066 expressa
1203 995 1442 1061 diximuS‚
1481 992 1609 1047 nihil
1648 991 1946 1046 addendum
1985 998 2078 1045 est.

226 1088 434 1141 Praeter
478 1086 814 1139 indicativum
860 1083 1015 1136 futuri
1060 1083 1113 1134 in
1161 1080 1379 1150 apodosi
1422 1080 1711 1149 praesentis
1765 1077 2079 1131 indicativus

226 1191 382 1243 saepe
420 1179 601 1226 exstat.
659 1171 829 1238 Atque
867 1186 928 1222 ea
965 1168 1294 1238 potissimum
1332 1166 1514 1232 forma,
1543 1166 1586 1219 si
1614 1164 1678 1217 de
1703 1165 1855 1218 rebus
1881 1165 2079 1217 iteratis

226 1261 409 1327 agitur,
453 1256 826 1326 Aristophanes
872 1271 993 1307 usus
1039 1257 1134 1320 est,
1185 1253 1328 1305 cuius
1368 1256 1568 1305 certum
1605 1250 1901 1320 exemplum
1941 1249 2078 1304 desi—

226 1346 432 1400 deratur
478 1345 530 1396 in
577 1359 640 1396 ea
686 1342 859 1411 specie
904 1356 1035 1409 quae
1080 1340 1305 1391 futurum
1360 1339 1414 1391 in
1461 1336 1676 1408 apodosi
1717 1336 1938 1403 exhibet,
1980 1337 2079 1390 nisi

224 1432 353 1485 forte
390 1430 490 1483 huc
527 1429 810 1498 pertinent:

227 1518 317 1570 AV.
357 1533 429 1570 vs.
472 1517 621 1566 1111.
662 1516 746 1564 κᾶν
783 1514 1011 1583 λαχόντες
1050 1512 1249 1583 ἀρχίδιον
1289 1509 1377 1561 εἶθ’
1419 1512 1618 1582 ἁρπάσαι
1658 1509 1900 1578 βούλησθέ
1937 1527 1992 1568 τι,

663 1594 769 1661 ὀξὺν
810 1602 1066 1673 ἱερακίσκον
1105 1600 1154 1656 ἐς
1190 1601 1275 1656 τάς
1312 1605 1470 1670 χεῖρας
1509 1597 1609 1666 ὑμῖν
1647 1599 1874 1666 δώσομεν.

662 1690 722 1757 ἣν
759 1691 809 1740 δέ
846 1708 930 1740 που
969 1690 1191 1757 δειπνῆτε,
1232 1693 1536 1760 πρηγορῶνας
1575 1686 1675 1754 ὑμῖν
1713 1689 1968 1757 πέμψομεν.

226 1786 276 1833 et
301 1777 531 1833 eiusdem
558 1777 856 1832 comoediae
884 1776 1133 1830 simillimi
1160 1792 1336 1829 versus
1367 1775 1729 1828 1608—1621.
1785 1773 2079 1827 Praesentis

228 1866 280 1917 in
327 1863 540 1933 apodosi
587 1881 651 1916 ex
694 1863 867 1916 multis
916 1862 1016 1916 duo
1074 1861 1316 1932 exempla
1370 1862 1696 1931 proferimus,
1755 1876 1968 1929 quorum
2025 1859 2079 1910 in

229 1951 436 2004 alterius
474 1950 668 2019 protasi
707 1950 946 2015 aoristus‚
985 1949 1039 2000 in
1077 1948 1286 2001 alterius
1324 1964 1573 2018 praesens
1612 1946 1841 2017 ponitur:

395 2035 526 2090 Nub.
566 2052 638 2089 vs.
679 2035 796 2087 579.
838 2036 897 2103 ἢν
934 2036 1020 2106 γάρ
1059 2036 1092 2102 ᾖ
1132 2053 1197 2092 τις
1235 2027 1395 2094 ἔξοδος

515 2123 674 2191 μηδενὶ
712 2115 792 2181 Ξὺν
830 2122 909 2192 wlsq
951 2122 1097 2191 τότ-’ἢ
1138 2122 1400 2194 βροντῶμεν
1439 2121 1472 2190 ἤ
1513 2124 1805 2191 ψακάζομεν.

229 2210 317 2263 Th.
357 2227 427 2264 vs.
469 2211 586 2262 792.
626 2213 710 2261 κᾶν
749 2201 929 2277 ἐξέλθῃ
968 2211 1018 2260 τὸ
1057 2211 1235 2278 γύναιόν
1271 2229 1357 2273 ποι,
1398 2208 1510 2279 κᾷθ’
1535 2207 1689 2281 εὕρητ’
1714 2208 1825 2259 αὐτὸ
1864 2207 2076 2278 θύρασιν,

635 2298 800 2365 μανίας
838 2298 1078 2366 μαίνεσθε.

229 2381 501 2451 Utriusque
539 2385 763 2454 exempli
802 2386 1026 2455 protasis
1064 2384 1245 2454 procul
1284 2383 1440 2437 dubio
1480 2383 1547 2437 ad
1583 2401 1668 2438 res
1700 2385 1890 2438 iterum
1916 2382 2081 2436 factas

229 2468 499 2522 referenda
536 2476 628 2523 est.

373 2553 454 2606 Ad
511 2555 667 2608 futuri
724 2557 992 2609 notionem
1048 2573 1212 2626 prope
1268 2555 1471 2608 accedit
1523 2556 1831 2625 imperativi,
1889 2555 1972 2622 qui
2029 2555 2082 2606 in

231 2639 443 2707 apodosi
502 2641 708 2709 saepius
763 2641 964 2708 legitur.
1039 2640 1377 2711 Imperativus
1435 2642 1721 2710 praesentis
1777 2646 1832 2694 et
1886 2640 2082 2706 aoristi‚

230 2740 442 2791 quorum
480 2731 690 2794 uterque
730 2725 1016 2793 adhibetur,
1055 2727 1129 2778 ita
1166 2727 1272 2780 fere
1300 2725 1576 2796 dispositus
1611 2732 1688 2780 est
1715 2724 1853 2795 apud
1879 2725 2080 2778 Aristo-

228 2808 469 2877 phanem,
508 2815 581 2875 ut,
621 2812 662 2864 si
701 2812 752 2863 in
791 2812 985 2880 protasi
1025 2813 1380 2866 coniunctivus
1411 2812 1701 2881 praesentis
1741 2812 1822 2878 sit,
1861 2812 1916 2863 in
1954 2827 2079 2880 apo-

229 2892 342 2946 dosi
370 2895 699 2963 imperativus
727 2896 955 2949 eiusdem
983 2899 1230 2967 temporis
1259 2898 1380 2966 poni
1408 2897 1572 2951 soleat
1598 2896 1687 2965 (cf.
1711 2897 1802 2950 Av.
1828 2914 1898 2950 vs.
1925 2897 2080 2961 1534)

229 2979 607 3032 coniunctivum
647 2982 820 3034 aoristi
859 2983 1013 3034 etiam
1053 2984 1384 3051 imperativus
1432 2984 1609 3036 aoristi
1655 2989 1913 3051 sequatur.
1990 2981 2078 3050 (cf.

229 3061 286 3116 R.
328 3080 398 3116 vs.
442 3066 620 3130 1177.)
694 3065 773 3118 Ab
815 3065 910 3119 hoc
957 3084 1067 3135 usu,
1118 3068 1160 3120 si
1199 3069 1248 3119 in
1288 3069 1482 3137 protasi
1519 3084 1766 3137 praesens
1811 3068 2078 3137 reperitur,

230 3148 389 3201 semel
435 3148 662 3202 decessit
698 3148 758 3202 N.
799 3168 869 3203 vS.
911 3154 1011 3203 743
1050 3170 1146 3220 sq.;
1195 3153 1279 3206 ubi
1327 3154 1379 3206 in
1426 3154 1622 3222 protasi
1668 3154 1886 3207 aoristus
1932 3169 2078 3206 usur-

229 3240 377 3300 patur
416 3234 492 3287 bis
530 3235 582 3286 in
621 3234 802 3287 eodem
843 3237 996 3290 verbo
1036 3238 1138 3290 alia
1176 3238 1385 3291 dicendi
1430 3239 1597 3292 forma
1640 3256 1763 3293 usus
1802 3245 1901 3293 est:
1947 3237 2075 3307 Equ.

225 3333 299 3370 vs,
339 3320 439 3369 579
488 3325 539 3372 et
575 3318 696 3388 Lys.
736 3337 807 3373 vs.
849 3321 964 3374 649.
1049 3322 1439 3378 Daetalensium
1489 3324 1669 3391 fragm.
1720 3327 1783 3376 17
1829 3323 2076 3378 Brunckii

229 3413 520 3456 correctura
555 3405 613 3472 ἤν
653 3422 744 3474 pro
783 3405 834 3455 οὐ
872 3415 1083 3476 recepta
1119 3410 1325 3462 tertium
1364 3409 1660 3480 exemplum
1699 3409 1915 3465 accedit.
