2266 3722
1065 184 1414 233 —20-

312 360 401 395 cur
437 342 610 408 viginti
644 340 787 392 milia
816 339 1001 390 civium
1031 339 1081 389 in
1111 337 1348 390 omnibus
1378 334 1579 388 deliciis
1606 335 1788 387 victuri
1817 335 1937 401 sint,
1964 335 2169 401 gravior

310 434 388 480 cst
449 426 791 489 adulatorum,
872 423 1055 490 quibus
1119 422 1183 473 de
1247 420 1501 473 industria
1562 436 1678 472 eam
1742 421 2164 488 praetermissam

309 529 423 565 esse
463 511 757 579 exprobrat,
787 507 956 577 culpa,
997 524 1149 575 quam
1180 507 1221 559 si
1250 507 1439 558 civium
1466 505 1765 557 felicitatem
1807 504 2167 558 distributione

307 597 446 650 facta
482 612 584 649 non
624 603 817 648 certam
857 592 958 660 (ἄν)
999 598 1297 644 eventuram
1348 606 1461 642 esse
1503 588 1641 642 dicit.
1707 589 1951 642 Veritatis
1989 577 2187 642 autem*

307 684 551 752 speciem,
594 698 707 734 cum
757 679 821 732 de
868 679 1095 732 numeris
1136 682 1333 743 agatur,
1374 692 1499 744 quos
1546 675 1820 743 unicuique
1867 680 2166 744 computare

303 768 440 834 licet,
469 784 530 821 eo
557 767 722 833 magis
751 772 963 835 captare
990 764 1168 833 potuit.
1227 761 1333 814 Iam
1364 761 1430 813 ad
1458 761 1674 813 alterum
1704 760 1874 813 locum
1908 761 2187 828 venimuS‚.

305 854 389 922 qui
428 860 505 906 est

357 938 416 990 R.
454 955 524 991 vs.
564 938 715 988 1195.
759 938 823 986 εἶτ
862 927 1190 1005 ἐξετύφλωσεν
1232 933 1383 983 αὑτὸν.
1447 931 1632 984 Bacch.
1662 932 1892 998 εὐδαίμων
1920 932 2091 1003 ἄρ’ἦν,

755 1026 792 1074 εἳ.
830 1026 1037 1094 zois-„prs
1041 1025 1215 1091 firme)
1255 1040 1304 1088 γε
1345 1018 1445 1087 μετ’
1471 1019 1630 1090 Ερασῑ
1632 1020 1768 1070 ψ’ὂου.

445 1127 498 1179 ln
551 1142 769 1179 censuia
821 1124 1147 1193 piologorum
1190 1122 1482 1214 Aesch31us
1518 1122 1811 1186 Antigonae
1853 1119 2164 1189 Euripideae

302 1215 492 1283 primos
531 1229 733 1263 xersus:
772 1210 864 1259 ll)
893 1208 1025 1260 osez:
1140 1209 1190 1258 τὸ
1225 1214 1354 1258 ποῶ-
1339 1227 1406 1257 ο)
1442 1207 1671 1274 ευδαὶμω)
1707 1206 1860 1277 ἀνὴρ·
1884 1207 1954 1256 εἶτ
1999 1207 2160 1274 εγένεΐ

301 1301 434 1350 ubils
482 1300 592 1350 ἁθλ
585 1301 725 1349 ώ-ατ
729 1318 779 1354 ος
819 1298 929 1370 {2th
914 1303 996 1347 ῶν
1036 1296 1371 1348 xehementer
1410 1296 1589 1364 carpit
1665 1293 1828 1346 Immo
1870 1310 1972 1347 non
2012 1294 2166 1349 desiit

300 1375 616 1440 miserrimus
674 1403 787 1439 esse
845 1384 1098 1454 OedipuS,
1157 1399 1273 1435 cum
1331 1399 1513 1435 recens
1561 1382 1662 1433 iam
1713 1381 1906 1433 editum
1948 1380 2162 1435 hiberno

302 1485 533 1542 tempore
588 1473 642 1523 in
699 1478 833 1524 testa
889 1475 1225 1539 exponerent,
1286 1485 1350 1520 ne
1408 1469 1570 1537 patris
1627 1467 1775 1519 fieret
1834 1466 2159 1536 interfector;

299 1556 486 1610 deinde
526 1564 671 1627 patre
709 1557 881 1609 occiso
920 1563 1140 1608 matrem
1181 1553 1328 1606 duxit
1365 1570 1598 1618 uxorem,
1627 1552 1853 1620 denique
1892 1569 1948 1605 se
1985 1553 2156 1621 ipsum

298 1645 610 1696 excaecavit.
687 1642 778 1694 His
828 1641 1074 1710 Aeschyli
1131 1641 1449 1707 argumentis
1506 1638 1741 1692 Bacchus
1799 1655 1946 1691 suum
1994 1639 2157 1707 ipsius

299 1730 544 1782 iudicium
592 1728 750 1781 addit.
826 1728 997 1795 Atque
1035 1727 1260 1796 primum
1300 1724 1509 1794 quidem
1558 1725 1866 1778 vocabulum
1905 1727 1997 1795 ἄρα
2035 1741 2160 1778 con-

297 1817 514 1869 clusioni
570 1815 796 1881 inservit,
855 1831 1005 1882 quam
1066 1830 1160 1866 nos
1217 1829 1375 1882 saepe
1436 1812 1668 1881 pluribus
1732 1812 2159 1865 circumscribere

303 1919 518 1954 necesse
568 1909 667 1954 est:
714 1901 812 1952 wie
858 1916 979 1951 man
1011 1900 1142 1968 jetzt
1181 1898 1329 1951 sieht.
1406 1896 1609 1950 Deinde
1656 1897 1851 1949 ironice
1895 1902 2158 1966 ponuntur

303 1987 490 2039 Bacchi
533 1987 702 2053 verba,
744 2002 958 2052 quorum
1007 1985 1281 2038 obscuram
1333 1983 1795 2051 breviloquentiam
1843 1981 2157 2037 Fritzschius

295 2074 542 2142 explicat:
573 2073 753 2124 beatus
781 2072 938 2138 igitur
977 2076 1087 2123 erat
1125 2071 1345 2136 (beatior
1383 2069 1623 2137 futurus),
1663 2070 1704 2121 si
1746 2068 1956 2136 quidem
1995 2071 2153 2122 etiam

296 2167 502 2227 praetor
528 2159 720 2210 fuisset.
776 2156 946 2209 Verba
973 2157 1118 2208 uncis
1144 2155 1346 2207 inclusa
1372 2154 1508 2206 unde
1536 2155 1758 2222 petierit,
1790 2171 1892 2207 non
1919 2161 2153 2224 apparet.

295 2245 538 2296 Similiter
575 2243 802 2296 Kockius
840 2243 1230 2310 interpretatur:
1273 2239 1389 2292 Nun
1430 2239 1693 2306 wahrlich,
1734 2257 1885 2293 wenn
1924 2240 2156 2312 Oedipus

294 2337 441 2382 unter
488 2330 666 2381 diesen
713 2326 1036 2379 Umstiinden
1086 2325 1216 2377 noch
1265 2324 1548 2391 irgendwie
1606 2326 1865 2392 gliicklich
1924 2335 2154 2394 genannt

294 2415 500 2467 werden
540 2415 697 2479 kann,
738 2402 883 2464 dann'
916 2411 1077 2464 fehltc
1117 2412 1219 2462 ihm
1263 2429 1377 2462 zum
1427 2410 1599 2463 vollen
1647 2410 1814 2464 Glfick
1853 2412 2044 2480 nichts,
2073 2414 2151 2466 als

294 2500 412 2552 dass
462 2518 516 2551 er
563 2499 692 2551 auch
742 2498 873 2550 noch
923 2498 1015 2548 mit
1062 2495 1364 2548 Erasinides
1405 2494 1655 2547 Feldherr
1701 2513 1940 2562 gewesen
1990 2503 2145 2566 ware,

293 2587 375 2652 qui
440 2603 547 2637 rem
611 2601 711 2636 non
771 2583 1057 2635 confecisse
1116 2581 1239 2632 milii
1300 2581 1515 2633 ridetur.
1611 2581 1696 2633 Sic
1757 2584 1927 2651 potius
1990 2585 2149 2637 verba

291 2671 640 2738 intellegenda
681 2688 796 2723 esse
836 2686 1045 2722 censeo:
1088 2669 1137 2721 Si
1169 2668 1400 2738 Oedipus
1427 2686 1490 2722 ea
1515 2670 1630 2737 lege
1658 2677 1809 2724 natus
1850 2679 1901 2724 et
1939 2673 2148 2727 adultus

292 2759 468 2809 beatus
525 2758 635 2822 fuit,
692 2756 831 2809 idem
879 2757 1058 2808 beatus
1105 2757 1302 2822 fuisset,
1361 2758 1402 2809 si
1451 2773 1566 2808 cum
1612 2756 1886 2811 Erasinide
1942 2771 2150 2829 praetor

291 2844 482 2895 fnisset.
534 2841 819 2895 Erasinidis
847 2847 1016 2893 autem
1042 2841 1271 2905 collegae
1295 2843 1521 2893 omnium
1544 2842 1889 2896 infelicissimi
1912 2845 2146 2902 homines

289 2934 451 2991 crant,
502 2944 616 2979 cum
665 2928 881 2978 victoria
927 2932 1194 2994 reportata
1242 2927 1425 2995 capitis
1474 2927 1862 2982 damnarentur.
1940 2931 2148 2986 Omissa

288 3021 365 3065 est
420 3013 676 3082 particula
731 3015 801 3064 ἄν,
861 3028 957 3078 quo
1014 3011 1194 3064 fortius
1253 3012 1517 3081 Euripidis
1575 3014 1816 3082 prologus
1872 3017 1925 3068 in
1983 3015 2142 3072 risum

290 3106 584 3151 verteretur.

427 3184 731 3252 Priusquam
773 3183 838 3234 ad
879 3199 1067 3235 norum
1107 3189 1266 3253 caput
1310 3190 1652 3253 transeamus,
1694 3205 1793 3255 quo
1832 3191 2139 3258 particulam

289 3270 325 3317 εἳ.
382 3286 496 3320 cum
555 3269 782 3337 optativo
840 3269 1067 3319 iunctam
1125 3271 1479 3337 tractabimus,
1527 3271 1591 3324 de
1638 3274 1893 3341 particula
1938 3277 1977 3326 εἰ
2024 3294 2139 3330 cum

290 3356 612 3406 ‹teoniunctivo
641 3353 882 3421 copulata
903 3353 1260 3408 disserendum
1289 3362 1386 3421 est,
1415 3357 1569 3424 quod,
1598 3361 1838 3426 quoniam
1878 3379 2141 3431 perpauca

287 3440 524 3508 exempla
562 3447 781 3502 exstant,
811 3439 1116 3507 appendicis
1157 3441 1318 3493 instar
1357 3442 1453 3495 hoc
1492 3444 1604 3495 loco
1633 3452 1752 3513 apte
1780 3447 2137 3517 interponitur.
