2266 3722
935 206 1266 255 -49-

185 353 244 406 Ν.
286 372 357 408 VS.
399 356 515 408 882,
557 358 683 413 ὅπως
720 357 923 408 δ’έκείνω
961 358 1027 409 τὼ
1066 360 1193 427 λόγω
1232 361 1511 429 μαθήσεται,

555 443 632 493 τὸν
670 445 905 515 κρείττον’,
946 448 1067 503 ὅστις
1105 447 1215 508 ἐστὶ,
1256 448 1332 497 καὶ
1368 448 1449 498 τὸν
1483 450 1656 516 ἥττονα
1695 488 1704 498 .
1747 488 1758 498 .
1801 488 1810 498 .
1855 488 1865 498 .

550 531 630 580 ἐάν
667 530 717 582 δὲ
756 534 839 600 μὴ,
879 534 955 584 τὸν
992 541 1098 601 γοῦν
1137 536 1289 586 ἄδικον
1327 540 1455 603 πάσῃ
1492 537 1652 605 τέχνῃ.

189 627 243 680 V.
283 645 355 681 vs.
385 630 501 682 929.
545 631 827 698 (κολάσατε)
864 634 938 684 ἵνα
977 635 1043 702 μὴ
1082 636 1328 704 κεκλάγγω
1366 637 1439 686 διὰ
1476 636 1616 704 κενῆς
1654 636 1820 692 ἄλλως
1858 635 1963 703 ἐγώ.

554 718 634 769 εὀἱν
673 720 722 770 δέ
761 721 844 789 μὴ,
884 722 935 772 τὸ
974 723 1143 773 λοιπὸν
1171 723 1222 774 οὐ
1251 705 1581 791 κεκλάγξομαιι

184 814 311 868 Cum
334 818 488 870 etiam
511 819 651 888 apud
674 828 871 874 ceteros
892 823 1166 891 scriptores
1188 825 1372 877 atticos
1394 825 1659 877 rarissima
1678 823 1780 876 sint
1799 821 2041 891 exempla

181 902 432 957 formulae
470 904 551 955 ε-Ξοὶν
590 910 655 975 μή
696 916 747 960 et
785 908 864 957 ἐάν
902 906 952 958 δὲ
992 912 1078 975 μή,
1117 926 1304 961 novum
1349 908 1472 960 inde
1517 914 1637 978 peto
1677 913 2037 975 argumentum

181 990 218 1038 εἰ
256 993 321 1059 μή
369 998 423 1046 et
467 994 505 1042 εἰ
548 992 598 1043 δὲ
647 997 712 1062 μή
762 1010 863 1046 non
911 1011 1002 1064 per
1048 994 1272 1064 ellipsim
1319 998 1434 1047 orta
1472 1011 1603 1048 esse.
1679 993 1791 1056 Qua
1827 993 2038 1046 tandem

180 1075 245 1128 de
272 1093 432 1130 causa
457 1079 675 1132 eandem
706 1080 926 1149 ellipsim
956 1082 1006 1132 in
1043 1082 1296 1150 particula
1333 1082 1414 1132 ἐάν
1446 1083 1618 1134 minus
1644 1097 1800 1150 saepe
1827 1081 2040 1149 reperiri

180 1164 522 1220 censeamus?
561 1166 681 1219 Alia
719 1184 800 1220 res
841 1176 932 1234 est,
973 1170 1012 1221 si
1061 1168 1209 1222 huius
1248 1186 1372 1222 usus
1411 1170 1661 1236 originem
1702 1169 1753 1220 in
1794 1183 1909 1220 eam
1947 1183 2036 1219 ae-

178 1254 340 1302 tatem
389 1250 679 1319 relegamus
738 1269 852 1304 cum
910 1254 947 1303 εἰ
1003 1253 1256 1322 particula
1303 1253 1417 1306 sola
1461 1253 1566 1306 fere
1605 1251 1964 1317 adhibebatur,
1991 1257 2042 1304 et

178 1337 466 1404 posteriore
506 1337 713 1390 demum
753 1350 985 1408 tempore
1024 1340 1240 1392 alteram
1281 1339 1588 1409 particulam
1626 1338 2039 1392 condicionalem

178 1437 294 1474 raro
333 1422 552 1476 eandem
582 1426 685 1476 vim
722 1425 961 1478 habuisse
998 1426 1255 1495 ponimus.
1333 1425 1604 1478 Sententia
1642 1425 1725 1477 cui
1764 1425 2042 1493 opponitur

178 1508 217 1558 εἰ
251 1506 302 1558 δὲ
339 1511 406 1577 μή
444 1515 528 1563 ter
554 1510 927 1564 condicionalis
956 1511 1206 1563 enuntiati
1245 1510 1462 1563 formam
1501 1510 1681 1563 habet:
1721 1508 1924 1563 Thesm.
1964 1527 2038 1562 vs.

178 1595 297 1646 536.
339 1594 397 1646 R.
447 1612 517 1648 vs.
571 1596 759 1664 792sq.
809 1595 883 1648 Pl.
935 1614 1006 1649 vs.
1046 1596 1269 1665 468sqq.
1310 1596 1421 1662 (ubi
1468 1602 1586 1665 post
1626 1598 1711 1645 κᾶν
1750 1594 1833 1664 μὲν
1871 1595 2040 1664 potius

177 1681 259 1733 ἐὰν
306 1681 357 1733 ’δὲ
395 1686 460 1752 μή
502 1683 925 1753 exspectaveris).
972 1681 1137 1736 Multo
1176 1682 1492 1751 frequentius
1531 1683 1852 1735 enuntiatum
1892 1686 2040 1734 ante-

178 1768 370 1822 cedens
410 1769 576 1822 forma
613 1770 860 1838 primaria
898 1776 992 1836 est,
1033 1776 1112 1822 ut:

175 1853 305 1923 Equ.
346 1872 418 1909 vs.
459 1855 541 1908 69.
581 1855 718 1923 ἡμεῖς
753 1853 803 1905 δὲ
840 1855 1055 1960 δίοομεν·
1080 1855 1118 1905 εἰ
1154 1853 1203 1905 δὲ
1242 1856 1327 1923 μὴ,
1366 1855 1640 1922 πατούμενοι
1679 1895 1689 1905 .
1715 1894 1726 1905 .
1771 1894 1781 1905 .
1813 1856 2034 1925 χέζομεν.

180 1940 237 1993 V.
278 1957 352 1995 vs.
396 1944 544 1994 1444.
587 1943 697 1993 εἴσω
736 1945 866 2014 φέρω
904 1940 948 1993 0'
989 1962 1036 1993 εν
1039 1943 1238 1993 τευθεν
1263 1944 1301 1993 εἰ
1337 1941 1387 1993 δὲ
1426 1942 1509 2011 μὴ,
1549 1947 1674 2013 τάχα

587 2031 868 2102 κλητῆρες
849 2049 918 2081 επι
920 2031 992 2082 λε’.
983 2032 1128 2101 ’ψουσι
1151 2029 1259 2087 τοὺς
1283 2031 1615 2099 καλουμένους.
1666 2028 1827 2082 Plane
1852 1991 2036 2082 eodem

177 2114 334 2169 modo
373 2118 627 2187 reperitur
663 2120 702 2169 εἰ
737 2118 787 2169 ’δὲ
825 2122 914 2188 μή;
976 2118 1281 2187 Equ.1158
1330 2118 1440 2186 (ubi
1478 2117 1695 2172 Porsoni
1742 2117 2040 2170 coniectura

179 2203 307 2256 nihil
352 2221 480 2274 opus
529 2206 627 2272 est)
676 2204 735 2259 N.
781 2208 914 2258 1194
965 2205 1022 2259 V.
1064 2207 1183 2258 428.
1232 2205 1286 2258 P.
1326 2206 1445 2258 262.
1494 2204 1582 2259 Th.
1623 2205 1743 2258 288.
1783 2203 1841 2256 R.
1885 2204 2037 2255 1132.

176 2287 319 2342 Eccl.
360 2290 478 2345 963.
525 2291 675 2343 1060.
752 2290 865 2344 Non
914 2308 1120 2361 semper
1166 2291 1378 2344 verbum
1425 2291 1533 2344 sive
1572 2291 1946 2344 substantivum
1985 2289 2038 2340 in

179 2374 342 2428 altero
389 2378 673 2445 enuntiato,
704 2376 771 2430 ad
811 2375 946 2445 quod
976 2378 1183 2444 negatio
1228 2377 1268 2428 εἰ
1304 2375 1354 2428 δὲ
1392 2380 1459 2446 μή
1505 2376 1682 2430 referri
1729 2376 1909 2445 possit,
1948 2391 2036 2426 ex-

179 2467 298 2530 stat,
337 2463 477 2517 velut
511 2465 564 2517 in

179 2545 240 2601 V.
282 2565 354 2603 vs.
395 2550 513 2603 971.
554 2550 695 2602 αὐτοῦ
732 2552 884 2620 μένων
921 2552 1008 2622 γάρ
1046 2548 1144 2601 ἅττ’
1184 2553 1239 2602 ἂν
1277 2550 1387 2601 εἴσω
1423 2568 1491 2608 τις
1528 2552 1669 2622 φέρῃ,

553 2640 728 2690 τούτων
766 2645 964 2708 μεταιτεῖ
1000 2639 1052 2689 τὸ
1090 2641 1230 2710 μέρος
1254 2656 1264 2666 ·
1288 2640 1326 2689 εἰ
1360 2637 1410 2689 δὲ
1449 2639 1533 2707 μὴ,
1573 2638 1740 2688 δάκνει.

181 2723 270 2777 ubi
307 2723 374 2778 de
412 2741 541 2780 cane
580 2727 747 2794 agitur
785 2727 870 2795 qui
909 2727 1137 2780 omnium
1178 2726 1409 2779 ciborum
1446 2730 1650 2795 partem
1690 2723 1785 2777 sibi
1825 2721 2038 2789 flagitet.

183 2807 299 2863 Non
344 2809 615 2879 flagitandi
661 2810 753 2866 sed
799 2816 941 2865 certe
987 2810 1147 2864 dandi
1185 2812 1319 2864 actio
1358 2818 1589 2878 negatur.
1665 2807 1733 2862 Ut
1769 2813 1886 2877 post
1922 2823 2040 2861 sen-

181 2897 398 2950 tentiam
444 2898 723 2967 positivam
770 2898 1092 2951 enuntiatum
1141 2896 1500 2950 condicionale
1545 2895 1837 2965 oppositum
1876 2909 1967 2962 per
2005 2893 2043 2942 εἰ

182 2982 232 3034 δὲ
271 2987 338 3054 μή
377 2984 734 3053 introducitur,
772 2987 845 3038 ita
881 2990 1002 3054 post
1040 2984 1333 3051 negativam
1382 2983 1715 3049 sententiam,
1761 2982 1804 3033 si
1842 2981 2043 3046 integra

183 3073 350 3127 forma
393 3072 649 3142 loquentis
693 3073 866 3126 animo
912 3072 1296 3139 obversabatur,
1345 3073 1383 3123 εἰ
1425 3072 1476 3122 δέ
1532 3069 1765 3123 adhiberi
1823 3083 2042 3120 consen-

183 3165 398 3214 taneum
437 3167 529 3214 est.
605 3159 708 3214 Sed
755 3159 892 3230 apud
930 3159 1332 3228 Aristophanem
1371 3156 1579 3227 quidem
1618 3171 1879 3224 nunquam
1918 3155 1957 3205 εἰ
1992 3154 2043 3204 δέ

183 3254 302 3317 post
355 3248 669 3302 sententiam
725 3247 1017 3315 negativam
1076 3245 1277 3299 illatum
1332 3244 1457 3297 mihi
1515 3244 1753 3310 occurrit,
1799 3244 1838 3293 εἰ
1879 3240 1930 3292 ’δὲ
1975 3245 2042 3311 μή

184 3353 305 3390 vero
325 3336 567 3404 ¹quinque
603 3334 747 3390 locis,

187 3420 248 3474 N.
287 3439 361 3475 vs.
404 3424 555 3476 1433.
594 3423 708 3494 πρὸς
746 3427 891 3472 ταῦτα
929 3420 996 3488 μὴ
1036 3418 1163 3470 τύπτ’
1189 3436 1199 3446 ·
1223 3420 1261 3470 εἰ
1298 3417 1348 3469 δὲ
1387 3417 1472 3486 μὴ,
1509 3419 1677 3467 σαυτόν
1715 3415 1815 3466 ποτ’
1837 3416 2041 3466 αἰτιάσει.

1735 3517 1764 3558 4
