2266 3722
990 143 1338 195 -48-

239 305 513 372 interdum,
559 312 614 356 ut
652 301 836 355 Graeci
883 301 935 351 in
973 300 1089 368 ipsa
1127 295 1341 366 apodosi
1381 295 1707 360 sententiam,
1746 298 1805 348 ut
1849 310 1970 346 vera
2006 295 2091 360 sit,

239 393 493 460 requirere
539 388 694 442 talem
741 384 1113 438 correctionem
1159 380 1337 435 addito
1386 379 1640 433 adiectivo
1679 381 1803 430 ἄλλο
1841 377 2091 432 indicent.

238 478 304 531 Ut
350 475 580 530 eiusdem
628 470 927 526 comoediae
973 468 1267 537 exemplum
1315 483 1568 536 promam,
1605 468 1681 520 in:

239 563 365 631 Equ.
405 579 478 614 vs.
520 561 635 611 615.
676 560 715 608 τί
753 555 793 607 23⁹
834 557 958 606 ἄλλο
996 553 1037 622 γ’
1078 556 1115 605 εἰ
1154 553 1220 622 μὴ
1260 552 1546 621 Νικόβουλος
1585 553 1830 621 ἐγενόμηνς

237 649 489 702 isiciarius
516 664 581 699 ex
619 651 800 699 senatu
839 659 1071 696 reversus
1100 640 1253 694 choro
1281 641 1636 707 interroganti,
1677 657 1774 708 quo
1803 638 1956 693 modo
1981 654 2093 691 rem

237 734 468 800 gesserit,
516 730 809 800 respondet.
885 727 1224 794 Interrogatio
1271 725 1467 779 scilicet
1519 742 1676 778 sensu
1724 725 1962 791 negativo
2011 724 2094 776 in-

240 817 533 885 tellegenda
571 824 662 869 est.
741 813 843 867 Sed
882 813 1071 866 rectius
1111 818 1222 864 erat
1259 810 1450 864 dixise:
1509 808 1639 861 οὐῧὲν
1678 811 1717 862 εἰ
1754 810 1822 879 μὴ
1869 808 2093 878 Νικόβου-

237 909 321 963 λος
360 907 580 974 ἐγενόμην
619 905 725 957 sive
763 904 803 953 τί
841 901 881 953 δ’
906 903 943 952 εἰ
982 903 1048 969 μὴ
1089 899 1376 968 Νικόβουλος
1422 900 1669 967 {Tenedum
1730 898 1924 952 Vocem
1969 899 2092 949 ἄλλο

237 993 376 1046 nulla
413 993 515 1044 alia
543 991 607 1044 de
648 1006 803 1044 causa
829 987 954 1041 addi
987 994 1220 1057 apparet,
1259 988 1359 1039 nisi
1399 985 1533 1054 quod
1571 986 1793 1056 protasis
1831 986 2092 1038 notionem

237 1077 478 1148 apodosis
524 1076 810 1129 sententiae
857 1075 957 1126 iam
1006 1079 1178 1125 mente
1218 1070 1460 1136 detraxit,
1507 1072 1551 1124 is
1591 1072 1676 1138 qui
1724 1070 1964 1139 loquitur.
2037 1069 2094 1124 In

238 1163 547 1233 explicanda
592 1168 878 1215 structurae
917 1159 964 1210 vi
1004 1174 1036 1210 a
1082 1156 1336 1227 particula
1394 1156 1460 1225 μὴ
1508 1154 1942 1225 proficiscendum
2000 1163 2096 1224 est,

237 1268 352 1319 qua,
399 1250 600 1302 etiamsi
646 1247 857 1300 verbum
904 1246 1103 1298 finitum
1152 1261 1255 1298 non
1303 1245 1547 1313 sequitur,
1596 1261 1677 1297 res
1724 1245 1831 1297 sive
1869 1257 2098 1313 persona

236 1335 540 1401 excluditur,
581 1335 659 1387 cui
689 1335 730 1387 si
757 1332 1059 1403 praeposita
1085 1337 1164 1384 est
1188 1330 1445 1400 particula
1471 1329 1846 1383 condicionalis
1881 1330 1920 1399 εἰ.
1943 1345 2095 1399 prae-

236 1423 420 1476 cedere
461 1421 811 1475 exclusionem
852 1419 1096 1490 apodosis
1135 1420 1326 1473 actioni
1365 1419 1697 1486 significatur.
1773 1417 2096 1486 Quamquam

235 1509 534 1578 plerumque
591 1509 628 1558 εῖ.
676 1507 741 1576 μὴ
800 1507 862 1559 ab
908 1504 1254 1575 Aristophane
1300 1511 1577 1574 usurpatur
1623 1504 1773 1573 (Ach.
1815 1504 1932 1556 684.
1961 1502 2091 1572 Equ.

239 1597 386 1648 1106.
428 1595 482 1647 P.
511 1596 628 1647 828.
669 1594 788 1664 LyS.
818 1594 961 1662 629),
988 1600 1163 1646 tamen
1193 1594 1268 1646 bis
1303 1593 1383 1644 ἐάν
1410 1594 1510 1661 (ἦν)
1536 1592 1821 1663 particulae
1848 1595 1914 1662 μή
1942 1607 2093 1662 prae-

240 1684 370 1735 fixit:
409 1681 535 1750 Equ.
567 1700 637 1735 vs,
667 1683 770 1733 994
796 1698 903 1749 sqq.
935 1680 1053 1750 LyS.
1082 1698 1155 1734 vs.
1183 1682 1302 1732 251.
1359 1679 1673 1750 Interpretes
1698 1681 1737 1731 εἰ
1762 1683 1827 1749 μή
1854 1681 1907 1732 in
1933 1679 2094 1748 parti-

242 1771 386 1823 culae
434 1772 562 1820 ἀ).).ά
607 1770 706 1821 vim
765 1769 935 1821 abisse
993 1767 1244 1820 adnotant
1289 1768 1362 1820 in:
1409 1766 1538 1835 Equ.
1586 1784 1656 1821 vs.
1708 1768 1808 1819 186
1854 1766 1974 1837 Lys.
2021 1783 2093 1820 vs.

240 1859 356 1909 943.
397 1857 486 1910 Th.
527 1874 597 1910 vs.
639 1857 756 1907 898.
799 1855 840 1907 A
882 1855 1064 1907 ceteris
1104 1853 1410 1922 segregendi
1449 1861 1567 1908 sunt
1602 1855 1703 1909 loci

240 1941 369 1997 Nub.
385 1945 587 1997 vs.‘2·27.
611 1943 661 1993 οὐ
681 1945 767 2014 γάρ
790 1941 843 1993 ἅν
865 1960 972 1992 ποτε
994 1942 1096 1992 ‘228
1120 1933 1316 2014 ἐξηῦρον
1341 1942 1498 2013 ὀρθῶς
1517 1944 1575 1993 τά
1597 1944 1810 2015 μετέωρα
1830 1947 2093 2014 πράγματα,

871 2031 908 2081 εἰ
947 2030 1013 2098 μὴ
1054 2035 1295 2101 κρεμάσας
1333 2031 1383 2081 τὸ
1424 2034 1581 2099 νόημα
1619 2030 1819 2100 καὶητὴν
1859 2031 2091 2103 φροντίδα.

241 2116 298 2168 V.
339 2134 410 2171 vs.
451 2119 568 2170 558.
611 2118 929 2186 (ἱκετεύουσιν)
972 2120 1022 2175 ὃς
1061 2116 1134 2186 ἔμ’
1177 2117 1271 2170 οὐδ’
1313 2122 1368 2169 ἂν
1409 2118 1553 2177 ζῶντ’
1593 2117 1736 2186 ᾔδειν,

869 2208 908 2258 εἰ
946 2206 1012 2275 μὴ
1052 2207 1125 2257 διὰ
1163 2207 1249 2276 τὴν
1288 2209 1513 2279 προτέραν
1554 2198 1794 2277 &meviam

241 2289 522 2359 Utrumque
561 2292 853 2360 exemplum
893 2294 945 2345 in
994 2293 1210 2362 apodosi
1258 2293 1519 2348 adiectam
1558 2293 1867 2363 particulam
1911 2295 1967 2344 ἄν
2006 2308 2096 2345 ex-

239 2376 398 2443 hibet,
438 2378 528 2431 sed
568 2380 723 2448 prius,
753 2396 866 2432 cum
897 2381 934 2430 εἰ
960 2380 1025 2448 μὴ
1053 2381 1380 2450 participium
1407 2388 1665 2450 sequatur,
1693 2381 1906 2448 integris
1933 2397 2098 2434 enun-

237 2464 373 2517 tiatis
426 2468 633 2534 propius
691 2465 910 2519 accedit.
987 2466 1068 2519 Ad
1124 2469 1375 2537 temporis
1432 2474 1753 2521 momentum
1817 2485 1915 2537 quo
1974 2467 2097 2536 quid

237 2551 558 2618 potissimum
604 2551 712 2603 fieri
760 2558 976 2620 oportet,
1029 2551 1409 2619 designandum
1455 2552 1728 2606 adhibetur
1784 2555 1822 2605 εἰ
1880 2554 1947 2623 μὴ
1993 2561 2096 2609 νῦνε

239 2635 296 2687 V.
340 2654 410 2690 vs.
450 2639 569 2690 402.
609 2641 718 2688 ποτε
757 2636 815 2699 δ’,
858 2639 895 2688 εἰ
934 2641 999 2707 μὴ
1040 2645 1133 2702 νῦν,
1176 2632 1434 2711 ἐπαρήξετέ
1481 2661 1570 2709 μοι,
1620 2642 1720 2713 πρίν
1767 2640 1931 2710 μἐἴσω
1971 2643 2096 2711 μᾶλ-

607 2727 690 2776 λον
731 2725 943 2794 ἄγεσθαι;

383 2811 625 2866 Venimus
665 2812 732 2866 ad
770 2820 1085 2883 postremam
1125 2814 1273 2868 huius
1311 2816 1518 2883 generis
1557 2817 1803 2886 speciem.
1878 2817 2098 2872 Senten-

239 2898 363 2950 tiam
411 2899 547 2950 enim
607 2898 934 2952 antecedenti
993 2901 1306 2953 contrariam
1358 2899 1700 2970 adiungentes
1745 2901 1932 2957 Graeci
1978 2921 2093 2974 par-

240 2982 396 3035 ticula
451 2983 785 3052 prohibitoria
841 2988 906 3053 μή
963 2985 1256 3054 utebantur,
1313 3002 1533 3055 quacum
1587 2987 1800 3041 verbum
1857 2990 2099 3057 coniungi

242 3084 343 3120 non
383 3086 511 3138 opus
550 3077 674 3136 erat,
714 3071 851 3124 velut
887 3070 1099 3124 Homeri

329 3154 388 3207 A.
431 3171 500 3207 vs.
540 3157 658 3208 295.
701 3155 907 3208 ἄλλοισιν
948 3158 1005 3225 δὴ
1046 3155 1174 3208 ταῦτ’
1217 3157 1455 3209 ἐπιτέλλεο
1481 3177 1490 3186 ·
1515 3161 1583 3227 μὴ
1622 3161 1709 3231 γάρ
1748 3160 1915 3230 ἔμοιγε.

244 3236 383 3299 Quae
439 3240 481 3292 si
539 3244 793 3310 oppositio
855 3261 946 3313 per
979 3245 1336 3299 ,enuntiatum
1400 3244 1761 3300 condicionale
1822 3248 2097 3318 profertur,

245 3323 282 3372 εἰ
318 3324 367 3373 δὲ
405 3329 468 3393 μή
509 3326 561 3378 in
600 3344 693 3380 usu
732 3334 823 3381 est.
901 3328 998 3381 Pro
1039 3330 1076 3380 εἰ
1115 3328 1164 3380 δὲ
1203 3334 1268 3399 μή
1309 3329 1508 3384 duobus
1555 3330 1683 3386 locis
1725 3333 2099 3405 Aristophanes

247 3410 325 3459 ἐαν
359 3411 407 3461 δὲ
445 3416 509 3480 μή
551 3412 804 3467 adhibuit:
