2266 3722
955 204 1296 254 ..59-

198 362 376 430 Neque
415 361 690 413 dissimiles
739 359 974 412 videntur

307 445 365 500 N.
407 464 478 499 vs.
523 445 676 496 1490.
717 445 819 511 ἐμοὶ
856 443 906 495 δὲ
943 442 1045 512 δᾷδ’
1069 444 1299 510 ἐνεγκάτω
1337 460 1401 498 τις
1438 442 1670 509 ἡμμένην,

712 533 841 599 κάγώ
879 529 958 581 τιν’
981 530 1133 581 αὐτῶν
1171 533 1371 599 τήμερον
1408 530 1560 578 δοῦναι
1596 529 1727 594 δίκην

713 619 816 686 ἐμοὶ
851 621 1044 687 ποιήσω.

198 704 315 759 Duo
353 705 596 774 exempla
633 704 1195 774 Thesmophoriazusae
1233 701 1567 772 suppeditant

372 807 443 843 vs.
483 792 602 843 569.
643 792 842 863 πρόςθες
881 794 1036 858 μόνον,
1075 791 1204 856 κάγώ
1244 807 1296 838 σε
1336 829 1345 838 .
1389 828 1399 838 .
1440 794 1592 857 χεσεῖν
1630 790 1822 853 ποιήσω.

370 895 440 931 VS.
484 879 633 931 1077.
674 879 812 929 ἔασόν
852 896 909 945 με
947 878 1228 946 μονῳδῆσαι,

679 967 755 1016 καὶ
790 971 937 1037 χαριεῖ
975 984 1063 1031 μοι.

201 1052 448 1105 Ultimum
507 1052 801 1121 exemplum
860 1051 1041 1103 ultima
1100 1048 1460 1117 Aristophanis
1523 1044 1794 1098 comoedia
1849 1040 2063 1111 praebet

202 1156 276 1191 vs.
320 1138 471 1189 1027.
513 1142 690 1209 φράζε,
730 1138 805 1188 καὶ
842 1129 1124 1208 πεπράξεται
1163 1136 1194 1186 i.
1235 1151 1278 1186 e.
1319 1134 1362 1185 si
1402 1131 1613 1196 dixeris,
1653 1130 1826 1182 statim
1866 1127 1966 1178 fiet.

966 1334 1301 1349 NNssoeoefaew

206 1494 332 1558 v11.
358 1494 684 1559 Enuntiata
707 1494 1142 1559 condicionalia
1174 1492 1427 1557 dialecto
1453 1509 1568 1553 non
1601 1488 1784 1551 attica
1815 1485 2068 1568 prolata.

349 1651 562 1704 Praeter
619 1651 963 1705 Athenienses
1014 1648 1384 1718 Aristophanes
1441 1648 1490 1697 in
1550 1644 1737 1697 fabulis
1792 1642 1947 1694 variis
2003 1641 2069 1692 de

206 1738 376 1791 causis
422 1737 659 1791 homines
706 1737 1016 1805 reliquarum
1064 1735 1296 1803 gentium
1343 1746 1644 1798 graecarum
1682 1728 1953 1796 loquentes
1991 1727 2069 1778 in-

208 1822 356 1875 duxit
394 1830 446 1874 et
484 1823 668 1876 Atticis
718 1815 1055 1888 alienigenae
1087 1820 1296 1886 linguae
1334 1817 1526 1870 formas
1573 1814 1762 1867 tribuit.
1838 1811 1980 1873 Quae
2018 1812 2071 1862 in

209 1907 474 1962 codicibus
530 1915 748 1977 peccata
804 1912 926 1961 sunt
980 1906 1221 1970 librariiS,
1268 1903 1355 1971 qui
1409 1900 1608 1955 scilic-et
1662 1914 1831 1951 raram
1879 1913 1940 1949 ac
1988 1897 2071 1948 vix

208 1993 527 2047 intellectam
567 1993 786 2046 formam
826 1993 1015 2045 usitata
1053 1987 1408 2053 eliminabant,
1441 1986 1696 2053 imputare
1736 1999 1836 2035 non
1877 1981 2071 2033 dubito.

350 2077 459 2132 Iam
523 2079 566 2132 si
642 2086 846 2131 servata
913 2076 1296 2129 enuntiatorum
1367 2069 1801 2124 condicionalium
1874 2068 2074 2120 ratione

213 2165 433 2234 primum
474 2164 861 2234 peregrinorum
903 2163 1165 2215 hominum
1207 2156 1415 2211 dicendi
1462 2156 1654 2209 formas
1700 2153 2075 2217 examinamus,

211 2251 279 2304 ab
306 2249 626 2321 Megarensis
655 2255 707 2302 et
727 2247 906 2301 Boeoti
935 2249 987 2299 in
1012 2243 1430 2298 Acharnensibus
1459 2241 1694 2294 oratione
1720 2236 2073 2307 incipiendum

213 2344 305 2389 est.
381 2335 480 2388 Pro
520 2335 678 2388 attico
718 2336 756 2386 εἰ
794 2350 907 2386 cum
948 2331 1230 2385 indicativo
1270 2330 1443 2381 iuncto
1491 2324 1812 2392 Megarensis
1851 2323 2078 2390 genuina

213 2421 380 2480 forma
407 2421 585 2475 dorica
612 2422 659 2471 αἱ
678 2422 834 2474 utitur
858 2437 927 2472 vs.
951 2417 1053 2468 766
1075 2418 1290 2478 ἄντεινον,
1313 2414 1358 2464 αἱ
1377 2410 1490 2480 λῇς
1519 2417 1792 2480 praeterea
1818 2408 2078 2461 invenitur

214 2528 286 2564 vs.
335 2511 453 2561 772.
494 2508 610 2561 788.
653 2509 770 2558 814.
812 2504 1034 2558 Boeotus
1082 2504 1124 2555 si
1171 2502 1312 2555 libris
1359 2498 1489 2552 fides
1536 2490 1778 2549 habenda
1823 2500 1959 2547 esset
2004 2510 2076 2546 vs.

214 2597 334 2664 870,
375 2611 474 2664 quo
519 2594 726 2646 unicum
774 2590 958 2644 Boeoti
1002 2589 1323 2642 enuntiatum
1371 2581 1729 2638 condicionale
1768 2580 2078 2645 continetur,

214 2683 428 2736 atticam
468 2680 688 2734 formam
727 2679 766 2729 εἰ
801 2682 1123 2745 usurpasset:
1164 2672 1257 2727 sed
1302 2669 1635 2741 Blaydesium
1676 2683 1767 2720 suo
1811 2667 1922 2717 iure
1955 2666 1995 2716 εἴ.
2024 2665 2076 2718 in

216 2772 263 2822 ai
298 2775 526 2822 mutasse
573 2780 860 2820 censemus.
919 2759 1231 2813 Particulam
1271 2753 1682 2810 condicionalem
1712 2751 1804 2818 (ab
1831 2750 2078 2804 Elmsleio

217 2857 393 2911 dorice
440 2854 711 2924 scriptam)
759 2849 1080 2917 Megarensis
1127 2863 1242 2900 cum
1287 2846 1455 2898 futuro
1513 2847 1860 2895 constructam
1917 2839 2079 2893 semel

216 2942 453 2996 adhibuit
488 2958 561 2994 vs.
599 2941 717 2991 742.
778 2935 873 2989 Ubi
902 2934 1058 2986 Attici
1098 2930 1382 3001 particulae
1409 2925 1754 2982 condicionali
1792 2929 1848 2976 ᾶν
1885 2924 2079 2978 addere

215 3031 401 3097 solent,
447 3029 674 3097 genuina
718 3025 857 3078 doris
895 3040 956 3072 κα
994 3022 1205 3088 eiusque
1244 3017 1529 3087 composito
1569 3016 1676 3065 αἴκα
1715 3015 1883 3067 utitur.
1943 3012 2078 3066 Inte-

218 3133 364 3184 grum
411 3113 705 3183 exemplum
756 3110 914 3163 habes
960 3109 1011 3160 in
1063 3123 1165 3158 vss.
1213 3104 1317 3156 834
1362 3120 1454 3171 sq.,
1504 3103 1584 3155 cui
1632 3100 1916 3167 adiungere
1958 3098 2082 3152 licet

216 3219 290 3257 vs.
331 3203 448 3254 732.
525 3199 604 3253 De
641 3197 791 3251 tertio
829 3195 943 3248 loco
985 3210 1054 3246 vs.
1096 3192 1196 3242 791

557 3286 603 3335 αἱ
638 3281 679 3335 ’δ’
702 3285 758 3333 ἂν
794 3279 1019 3351 παχυνθῇ
1057 3274 1409 3347 κάναχνωανθῇ
1445 3273 1577 3345 τριχὶ,

558 3372 811 3427 κάλλιστος
848 3370 975 3420 ἔσται
1012 3372 1168 3437 χοῖρος
1206 3362 1462 3435 Ἀφροδίτᾳ
1498 3362 1639 3412 θύειν.

220 3460 477 3533 quomodo
517 3456 847 3526 retingendus
886 3456 966 3515 sit,
1006 3454 1226 3519 ambigo.
1304 3450 1360 3503 ln
1401 3448 1580 3502 codice
1619 3447 1920 3500 Ravennate
1957 3459 2080 3496 exa-
