2266 3722
1068 162 1471 235 -18—‘

323 333 448 401 Equ.
489 347 557 383 vs.
600 328 748 381 1276.
789 327 826 377 εἰ
864 325 945 392 μὲν
978 325 1054 375 οὖν
1081 326 1341 396 ἄνθρωπος,
1371 325 1419 373 ὃν
1445 325 1510 374 δεῖ
1536 322 1677 374 πολλ’
1700 326 1890 375 ἀκοῦσαι
1915 322 1991 373 καὶ
2015 323 2156 384 κακοὶ,

793 412 930 467 αὐτὸς
967 412 1024 479 ἦν
1064 412 1272 478 ἔνδηλος,
1304 409 1384 460 οὐκ
1424 413 1477 460 ᾶν
1517 411 1681 481 ἀνδρὸς
1719 411 1962 479 ἐμνήσθην
2002 410 2155 480 φίλου·

323 511 377 555 ut
412 503 506 554 hoc
546 499 780 568 exemplo
818 509 946 562 utar,
986 498 1083 549 etsi
1121 498 1363 549 aoristum
1404 497 1454 548 in
1481 496 1695 565 apodosi
1723 496 1946 563 exhibet,
1973 496 2158 549 nihilo-

323 588 487 638 minus
541 601 603 636 ea
653 591 744 648 est,
801 593 855 634 ut
912 583 1033 634 verti
1090 586 1346 650 oporteat:
1395 580 1446 633 Si
1493 580 1644 634 homo
1691 588 1828 635 esset
1872 582 1926 633 in
1975 580 2158 647 vulgus

324 681 487 733 notus‘,
516 686 614 722 non
642 668 862 720 facerem
906 666 1215 718 mentionem
1254 665 1421 718 amici.
1479 663 1535 717 In
1562 665 1676 718 aliis
1704 666 1879 719 aoristi
1905 665 2158 735 exemplis

324 765 408 808 aut
468 754 707 824 apodosis
767 751 1011 819 temporis
1072 751 1338 818 praeteriti
1400 756 1477 803 est
1537 754 1627 803 aut
1686 756 1794 803 tota
1848 751 2158 817 enuntiati0‚

321 840 443 892 illud
484 840 546 892 de
590 838 643 888 V.
686 855 753 890 vs.
794 838 911 888 344.
960 835 1010 885 οὐ
1057 837 1142 906 γάρ
1186 838 1240 885 ἄν
1285 833 1548 891 ποθόὖτος
1586 834 1702 906 ἀνὴρ
1741 835 1863 885 τοῦτ’
1886 835 2150 904 ἐτόλμησεν

321 930 481 995 λέγειν,
509 929 546 978 εἰ
572 926 636 994 μὴ
665 917 934 990 Ξυνωμοτης
959 941 1024 978 τις
1049 922 1106 990 ἦν
1138 920 1413 974 dicendum
1441 928 1534 986 est,
1561 920 1657 973 hoc
1682 921 1736 972 in
1765 919 1903 974 Eccl.
1934 939 2007 976 vs.
2035 923 2155 979 407.

810 1008 941 1078 ἔγωγ’
965 1013 1017 1059 ᾱν
1057 1009 1195 1070 εἷπον,
1237 1009 1275 1059 εἴ.
1312 1006 1471 1079 παρὼν
1511 1008 1772 1077 ἐτύγχανον.

325 1101 470 1154 valet.
546 1101 710 1167 Atque
747 1104 819 1163 ut,
877 1112 1029 1164 quam
1077 1096 1237 1149 libere
1292 1095 1384 1147 has
1443 1095 1632 1147 formas
1688 1101 1843 1162 poeta
1898 1093 2157 1160 adhibeat,

322 1201 618 1252 cognoscaS,
662 1184 715 1235 in
762 1181 991 1236 eiusdem
1040 1180 1338 1235 comoediae
1387 1198 1455 1232 vs.
1507 1181 1607 1231 422
1657 1180 1810 1248 plane
1867 1179 2048 1232 eadem
2106 1181 2158 1232 in

322 1288 474 1325 causa
495 1271 710 1323 aoristus
732 1269 784 1320 in
804 1274 1018 1335 utroque
1039 1267 1267 1320 membro
1289 1265 1499 1333 legitur:
1522 1267 1559 1315 εἰ
1578 1266 1775 1316 δ’ἐκεῖνα
1786 1284 1836 1332 γε
1855 1266 2156 1337 προςέθηκεν,

321 1358 463 1414 οὐδεὶς
501 1357 926 1427 ἀντεχειροτόνησεν
967 1355 1037 1403 ἄν.
1342 1418 1344 1420 ¹

460 1443 666 1496 Praeter
720 1441 811 1494 has
868 1441 994 1493 duas
1043 1437 1244 1509 periodi
1291 1437 1661 1491 condicionalis
1702 1438 1892 1492 formas
1941 1439 2158 1491 rariores

323 1548 408 1584 eas
448 1529 692 1582 adnotare
732 1526 996 1591 debemus,
1038 1541 1251 1594 quarum
1290 1528 1380 1576 aut
1427 1530 1699 1591 utrumque
1745 1524 2029 1576 membrum
2069 1530 2160 1578 aut

322 1616 537 1685 protasis
565 1613 745 1666 saltem
776 1612 1018 1664 aoristum
1046 1615 1288 1679 praestat.
1347 1607 1580 1661 Aoristus
1607 1609 1659 1660 in
1686 1614 1899 1676 utroque
1925 1610 2158 1662 membro

323 1709 497 1769 quater
534 1699 801 1751 invenitur.
878 1699 1043 1764 Atque
1083 1694 1146 1747 de
1183 1695 1345 1748 tribus
1385 1693 1652 1762 exemplis,
1681 1709 1810 1762 quae
1848 1693 1916 1746 ad
1952 1702 2155 1764 tempus

322 1785 650 1856 praeteritum
707 1782 962 1851 pertinent
1017 1780 1103 1848 (V.
1152 1781 1251 1833 461
1307 1778 1447 1833 Eccl.
1495 1779 1613 1830 390.
1664 1780 1809 1846 422),
1852 1779 1978 1832 nihil
2035 1779 2156 1833 addi

323 1877 499 1942 potest
553 1867 901 1934 memorabile,
954 1874 1189 1935 quartum
1231 1881 1290 1919 eo
1331 1864 1594 1931 singulare
1639 1874 1732 1931 est,
1776 1864 1909 1933 quod
1958 1873 2158 1935 tempus

321 1959 540 2010 futurum
578 1959 795 2024 spectat:

398 2042 535 2094 Eessl.
574 2057 643 2093 VS.
687 2039 800 2091 190.
839 2036 1035 2098 τάλαιν’,
1060 2037 1338 2108 Ἀφροδίτην
1379 2037 1592 2103 ὤμοσας;
1634 2038 1850 2106 χαρίεντα
1888 2036 1987 2104 γ’ἄν

843 2126 1056 2196 ἔδρασας,
1099 2127 1136 2176 εἰ
1173 2122 1293 2175 τοῦτ’
1317 2126 1446 2180 εἶπας
1484 2125 1530 2173 ἐν
1569 2124 1848 2191 τήκκλησίᾳ.

323 2220 515 2290 Nempe
553 2220 845 2287 Praxagora
881 2220 1070 2273 factam
1119 2235 1231 2271 esse
1277 2218 1426 2285 fingit
1473 2218 1766 2270 contionem
1812 2233 1991 2269 revera
2027 2233 2156 2269 non-

323 2308 441 2360 dum
502 2308 742 2360 habitam.
824 2305 987 2360 Maior
1030 2310 1112 2359 est
1169 2304 1522 2374 exemplorum
1573 2321 1833 2371 numerus,
1877 2305 1929 2356 in
1977 2304 2156 2371 quibus

323 2392 616 2462 imperfecto
640 2391 881 2461 apodosis
901 2391 1232 2460 pronuntiata
1257 2396 1350 2455 est,
1373 2406 1469 2457 quo
1497 2395 1822 2459 praesentem
1850 2389 2150 2458 plerumque

324 2495 485 2529 rerum
528 2476 881 2529 condicionem
921 2476 1217 2545 respiciunt,
1257 2474 1396 2527 velut
1440 2474 1498 2526 V.
1541 2491 1612 2527 vs.
1657 2476 1791 2526 1439
1838 2476 1876 2525 εἰ
1914 2475 2153 2543 ἐπίδεσμον

324 2565 475 2633 ἐπρίω,
515 2571 618 2614 νοῦν
657 2567 710 2613 ἀν
751 2564 870 2632 εἶχες
914 2563 1118 2622 πλείονα,
1167 2562 1208 2614 si
1255 2561 1488 2625 emisseS,
1534 2576 1671 2613 nunc
1715 2577 1922 2630 saperes
1970 2563 2153 2629 magis,

323 2651 421 2702 Sed
470 2650 549 2702 hic
596 2666 792 2717 quoque
838 2649 1107 2717 aliquoties
1154 2664 1233 2700 res
1290 2647 1597 2715 praeteritae
1656 2652 1868 2714 utroque
1925 2649 2154 2700 membro

327 2735 689 2799 significantur,
729 2735 877 2801 quale
915 2741 992 2787 est
1030 2732 1324 2801 exemplum
1362 2732 1794 2784 Acharnensium:

491 2837 559 2870 VS.
602 2820 713 2871 136.
752 2823 913 2889 χρόνον
954 2818 1035 2886 μὲν
1076 2819 1155 2869 οὐκ
1194 2822 1247 2868 ἀν
1287 2818 1404 2885 ἦμεν
1444 2818 1491 2867 ἐν
1531 2818 1693 2888 Θρᾴκῃ
1733 2817 1892 2879 πολὺν,

610 2906 714 2958 Dic.
755 2909 819 2972 μα
859 2906 922 2956 Δί’
947 2907 1027 2956 οὐκ
1066 2910 1135 2961 ἂν,
1177 2907 1215 2955 εἰ
1253 2906 1416 2971 μισθόν
1455 2923 1505 2971 γε
1544 2905 1609 2972 μὴ
1651 2902 1806 2975 ’φερες
1844 2907 2002 2957 πολύν·

537 2993 713 3045 Theos.
755 2995 791 3043 εἷ.
830 2994 893 3060 μὴ
933 2996 1143 3061 κατένιψε
1183 2995 1292 3061 χιόνι
1331 2992 1414 3059 τὴν
1456 2993 1643 3062 Θρᾴκην
1684 2993 1814 3060 ὅλην.

463 3078 1016 3146 plusquamperfectum
1057 3096 1154 3131 uno
1195 3078 1430 3146 exemplo
1469 3087 1712 3131 servatur.

394 3162 593 3214 Thesm.
638 3180 690 3215 vs
746 3165 862 3213 595.
901 3164 1060 3234 ληρεῖς
1085 3182 1094 3191 ·
1118 3163 1207 3230 ἐγὼ
1246 3166 1332 3234 γάρ
1372 3164 1453 3213 οὐκ
1492 3167 1545 3212 ἀν
1585 3164 1739 3231 ἦλθον
1779 3166 2003 3232 ἀγγελῶν,

899 3252 936 3300 εἰ
975 3251 1039 3318 μὴ
1079 3252 1334 3318 ’πεπύσμην
1372 3257 1516 3300 ταῦτα
1553 3257 1644 3301 τῶν
1684 3250 1797 3322 σάφ’
1822 3254 2021 3304 εἰδότων.

463 3332 764 3402 Temporum
811 3337 1078 3400 rationem,
1123 3353 1272 3403 quam
1322 3335 1505 3388 Graeci
1550 3337 2052 3408 plusquamperfecto
2099 3345 2150 3392 et

327 3417 511 3469 aoristo
566 3427 940 3487 expresserunt,
999 3419 1173 3474 addito
1231 3419 1298 3472 ad
1345 3422 1589 3489 protasim
1637 3423 1883 3477 vocabulo
1933 3425 2148 3491 „antea“
