2266 3722
905 130 1246 180 „63—

878 718 1247 799 Vita.

247 1020 434 1064 Carolus
474 1021 698 1064 Hem-icus
731 1021 1041 1065 Ferdinandus
1072 1023 1197 1065 Petri
1230 1027 1361 1066 natus
1392 1035 1487 1082 sum
1520 1023 1591 1065 die
1627 1024 1690 1065 14.
1723 1035 1860 1065 mens.
1891 1023 1994 1066 mai.

132 1090 238 1134 anni
264 1092 373 1135 1860
393 1091 759 1148 Biedenkopfiae,
785 1093 829 1135 in
851 1093 1016 1150 oppido
1039 1093 1476 1145 Hasso-Nassoviae‚
1498 1098 1624 1150 patre
1649 1094 1801 1144 Petro,
1818 1093 1993 1136 medico

131 1162 414 1214 veterinario‚
437 1166 578 1205 matre
602 1162 847 1215 Ludoviea‚
870 1176 893 1205 e
919 1167 1051 1219 gente
1083 1163 1312 1208 Dieziana.
1359 1164 1516 1207 Fidem
1539 1164 1751 1220 profiteor
1773 1164 1993 1219 evangeli-

131 1243 242 1276 cam.
289 1233 400 1276 Cum
431 1237 562 1289 pater
592 1234 785 1290 optimus
816 1233 957 1290 primo
978 1235 1142 1277 aetatis
1164 1249 1292 1278 meae
1315 1247 1431 1278 anno
1455 1233 1657 1278 Alteiam
1679 1234 1993 1289 transmigrare

129 1304 371 1357 iuberetur,
388 1304 543 1361 primis
565 1316 647 1359 ego
678 1303 926 1347 litterarum
949 1304 1182 1348 elementis
1199 1306 1393 1348 imbutus
1411 1319 1507 1348 sum
1525 1306 1568 1348 in
1586 1304 1739 1347 schola
1757 1304 1994 1356 Alteiensi,

129 1388 263 1432 quam
313 1374 670 1431 quattuordecim
724 1388 864 1418 annos
915 1380 1046 1420 natus
1097 1377 1373 1433 gymnasium
1424 1375 1769 1419 Nordhusanum
1821 1379 1994 1418 rectore

130 1445 186 1491 G.
209 1445 428 1490 Groschio
460 1446 821 1501 frequentatur-us
852 1447 1042 1491 deserui.
1102 1448 1377 1491 Maturitatis
1405 1448 1668 1491 testimonio
1693 1446 1993 1491 Nordhusano

127 1517 375 1561 instructus
418 1529 522 1560 vere
567 1530 606 1560 a.
653 1517 761 1561 1880
799 1517 971 1561 civibus
1009 1518 1269 1561 academiae
1311 1518 1539 1561 Gissensis
1585 1518 1838 1574 adscriptus
1883 1530 1993 1560 sum.

128 1589 319 1633 Incubui
358 1589 402 1632 in
441 1588 637 1632 studium
678 1588 964 1646 philologiae,
996 1589 1128 1644 quod,
1162 1590 1296 1633 sicuti
1334 1602 1404 1632 res
1435 1590 1535 1642 sert,
1568 1590 1626 1632 ad
1657 1592 1995 1646 praeceptorum

128 1659 308 1704 scholas
337 1673 385 1704 se
417 1659 677 1716 applicavit.
737 1659 964 1702 Brauneio
997 1664 1042 1703 et
1067 1659 1286 1704 Clemmio
1309 1660 1497 1703 ducibus
1521 1660 1838 1715 grammaticas
1870 1672 1994 1702 sans-

128 1732 299 1784 critam,
329 1744 551 1788 graecam,
572 1730 757 1774 latinam
789 1731 1035 1788 peragravi,
1059 1744 1157 1774 cum
1184 1731 1398 1789 Philippii
1429 1731 1610 1775 scholae
1643 1731 1699 1773 ad
1724 1730 1996 1774 Graecorum

128 1803 421 1860 antiquitates
465 1802 786 1858 historiamque
834 1815 901 1845 me
947 1802 1247 1846 attenderent.
1309 1801 1488 1846 Scholis
1532 1801 1761 1846 historicis
1812 1802 1996 1845 interfui

129 1874 334 1920 Onckeni
364 1878 410 1918 et
440 1873 685 1926 Weilandi,
717 1872 1042 1931 philosophicis
1067 1873 1424 1924 Bratuscheckii‚
1456 1873 1539 1916 viri
1570 1885 1658 1916 non
1699 1886 1786 1916 uno
1817 1874 1996 1916 nomine

127 1946 295 2004 optime
326 1945 381 1989 de
411 1958 481 1989 me
510 1945 672 1989 meriti.
733 1946 992 1988 Auctumno
1025 1945 1131 1987 anni
1165 1945 1268 1988 1881
1297 1944 1558 1988 Berolinum
1589 1958 1658 1987 me
1681 1944 1862 1988 contuli.
1908 1944 1998 1987 Per

127 2020 221 2061 tres
238 2017 330 2061 fere
352 2029 491 2061 annos
507 2015 707 2060 Berolini
729 2016 879 2060 studia
901 2016 1086 2074 incepta
1106 2016 1171 2059 ita
1190 2015 1394 2073 repetivi,
1412 2019 1461 2058 nt
1477 2015 1665 2058 historia
1681 2028 1770 2059 non
1786 2014 1997 2070 neglecta

127 2087 401 2145 philologiae
439 2088 680 2145 praecipue
718 2100 899 2145 operam
939 2101 1162 2132 navarem.
1231 2089 1385 2144 Atque
1423 2101 1480 2130 ex
1517 2087 1648 2130 huius
1692 2087 1996 2130 universitatis

127 2158 458 2218 professoribus
487 2159 725 2218 plurimum
757 2159 900 2202 debeo
938 2158 983 2204 J.
1015 2157 1069 2202 G.
1101 2158 1336 2216 Droyseno
1369 2161 1415 2202 et
1446 2158 1671 2212 Vahleno,
1703 2171 1889 2214 quorum
1920 2157 1996 2201 ille

127 2244 198 2274 me
228 2231 345 2274 inter
381 2230 561 2274 sodales
592 2230 825 2274 societatis
855 2218 1099 2274 historicae
1129 2230 1314 2286 recepit,
1345 2229 1432 2281 hic,
1474 2226 1642 2277 αἰδοῖός
1678 2242 1723 2272 τε
1761 2228 1901 2277 δεινός
1937 2241 1994 2281 τε,

128 2315 228 2346 cum
257 2302 305 2346 in
335 2301 498 2346 scholis
525 2304 619 2345 tum
649 2301 695 2344 in
718 2301 1116 2345 exercitationibus
1138 2300 1438 2358 privatissime
1458 2301 1626 2344 habitis
1647 2314 1728 2358 per
1747 2301 1989 2344 triennium

128 2373 262 2430 plane
293 2372 456 2418 eximia
479 2385 578 2417 cum
600 2371 920 2416 benevolentia
939 2374 986 2415 et
1004 2372 1283 2416 humanitate
1307 2371 1555 2415 studiorum
1576 2372 1795 2415 rationem
1817 2371 1997 2415 direxit.

127 2444 299 2488 Audivi
327 2447 506 2502 praeter
535 2443 639 2488 illos
670 2443 1010 2497 Kirchhoffium‚
1043 2442 1303 2497 Robertum‚
1336 2444 1643 2496 Huebnerum,
1675 2443 1995 2497 Bresslavium‚

129 2515 475 2569 Treitschkium,
497 2515 657 2572 quibus
687 2514 792 2559 viris
823 2515 1030 2558 omnibus
1061 2514 1234 2571 gratias
1266 2527 1352 2570 ago
1384 2513 1615 2559 maximas.
1662 2514 1775 2558 Inde
1797 2528 1825 2558 a
1844 2527 1997 2558 mense

128 2587 288 2630 martio
326 2587 433 2630 anni
472 2587 581 2632 1884
618 2599 757 2643 usque
797 2586 856 2629 ad
894 2598 1092 2629 mensem
1128 2586 1231 2630 mai.
1274 2586 1379 2629 anni
1420 2586 1528 2630 1885
1566 2585 1769 2630 Berolini
1807 2598 1996 2629 examen

127 2670 209 2715 pro
253 2657 470 2701 facultate
517 2657 706 2702 docendi
750 2657 937 2702 absolvi.
1009 2655 1230 2701 Exa'mine
1275 2656 1483 2700 absoluto
1529 2670 1631 2701 cum
1677 2657 1764 2700 iam
1812 2659 1997 2714 propter

128 2728 323 2773 officium
363 2729 483 2786 quod
520 2730 815 2787 impendebat
851 2728 1045 2772 militare
1084 2728 1140 2771 ad
1179 2728 1382 2772 scholam
1424 2729 1641 2773 accedere
1679 2742 1765 2772 non
1802 2741 1995 2784 possem,

129 2800 307 2844 domum
325 2813 394 2845 me
410 2800 589 2846 contuli.
626 2799 947 2844 Gravissimam
971 2798 1176 2842 militiam
1199 2812 1436 2856 capessere
1460 2799 1657 2857 oportuit
1677 2800 1995 2856 stipendiaque

129 2872 306 2928 explevi
336 2871 621 2916 Francofurti
651 2872 710 2915 ad
741 2872 952 2915 Moenum
991 2870 1095 2914 inde
1127 2883 1154 2912 a
1184 2871 1326 2927 primo
1360 2870 1432 2913 die
1463 2871 1631 2914 mensis
1662 2871 1860 2915 octobris
1890 2871 1996 2913 anni

130 2943 239 2987 1885
269 2956 409 3000 usque
439 2944 497 2987 ad
529 2943 720 2988 eundem
753 2943 870 2986 diem
902 2942 1007 2986 anni
1040 2942 1162 2986 1886.
1221 2943 1293 2986 Ex
1330 2942 1409 2985 illo
1453 2945 1657 2999 tempore
1688 2943 1732 2985 in
1763 2942 1994 2999 gymnasio

126 3014 409 3058 Joachimico
439 3015 724 3059 Berolinensi
756 3013 988 3058 candidati
1017 3013 1241 3071 probandi
1271 3027 1451 3056 munere
1484 3014 1642 3068 fungor
1666 3027 1719 3057 ac
1739 3018 1843 3072 post
1874 3013 1994 3056 flebi-

127 3085 214 3128 lem
245 3086 390 3144 patris
421 3086 577 3144 optimi
610 3089 798 3129 mortem
828 3085 900 3128 die
934 3085 998 3128 18.
1023 3085 1190 3127 mensis
1221 3084 1474 3129 novembris
1505 3085 1609 3127 anni
1640 3086 1751 3128 1886
1779 3085 1918 3128 vitam
1950 3084 1994 3126 in

128 3156 254 3201 luctu
282 3157 426 3201 traho.

894 3298 1184 3313 Μίνω-Γ
1189 3299 1231 3313 s«
