<?xml version="1.0" encoding="UTF-8"?>
<!DOCTYPE html PUBLIC "-//W3C//DTD XHTML 1.0 Transitional//EN"
    "http://www.w3.org/TR/xhtml1/DTD/xhtml1-transitional.dtd">
<html xmlns="http://www.w3.org/1999/xhtml" xml:lang="en" lang="en">
 <head>
  <title>
</title>
<meta http-equiv="Content-Type" content="text/html;charset=utf-8" />
  <meta name='ocr-system' content='tesseract 3.04.00' />
  <meta name='ocr-capabilities' content='ocr_page ocr_carea ocr_par ocr_line ocrx_word'/>
</head>
<body>
  <div class='ocr_page' id='page_1' title='image "./deenuntiatorumco00petruoft_0019.png"; bbox 0 0 2266 3722; ppageno 0'>
   <div class='ocr_carea' id='block_1_1' title="bbox 907 169 1216 220">
    <p class='ocr_par' dir='ltr' id='par_1_1' title="bbox 907 169 1216 220">
     <span class='ocr_line' id='line_1_1' title="bbox 907 169 1216 220; baseline -0.006 -14"><span class='ocrx_word' id='word_1_1' title='bbox 907 169 1216 220; x_wconf 75' lang='lat'>..9-</span> 
     </span>
    </p>
   </div>
   <div class='ocr_carea' id='block_1_2' title="bbox 136 319 2070 3483">
    <p class='ocr_par' dir='ltr' id='par_1_2' title="bbox 138 319 1989 562">
     <span class='ocr_line' id='line_1_2' title="bbox 139 319 1989 390; baseline -0.005 -9"><span class='ocrx_word' id='word_1_2' title='bbox 139 345 313 381; x_wconf 89' lang='lat' dir='ltr'>earum</span> <span class='ocrx_word' id='word_1_3' title='bbox 354 329 655 381; x_wconf 89' lang='lat' dir='ltr'>societatem</span> <span class='ocrx_word' id='word_1_4' title='bbox 696 325 962 378; x_wconf 78' lang='lat' dir='ltr'>detrectat.</span> <span class='ocrx_word' id='word_1_5' title='bbox 1038 323 1149 376; x_wconf 91' lang='lat' dir='ltr'>Hoc</span> <span class='ocrx_word' id='word_1_6' title='bbox 1188 321 1425 390; x_wconf 82' lang='lat' dir='ltr'>exemplo</span> <span class='ocrx_word' id='word_1_7' title='bbox 1455 319 1726 374; x_wconf 90' lang='lat' dir='ltr'>commode</span> <span class='ocrx_word' id='word_1_8' title='bbox 1763 319 1989 372; x_wconf 87' lang='lat' dir='ltr'>traduci-</span> 
     </span>
     <span class='ocr_line' id='line_1_3' title="bbox 138 411 532 465; baseline -0.005 0"><span class='ocrx_word' id='word_1_9' title='bbox 138 431 250 465; x_wconf 86' lang='lat' dir='ltr'>mur</span> <span class='ocrx_word' id='word_1_10' title='bbox 288 412 355 464; x_wconf 91' lang='lat' dir='ltr'>ad</span> <span class='ocrx_word' id='word_1_11' title='bbox 393 411 532 464; x_wconf 89' lang='lat' dir='ltr'>aliud</span> 
     </span>
     <span class='ocr_line' id='line_1_4' title="bbox 305 486 1791 562; baseline -0.005 -14"><span class='ocrx_word' id='word_1_12' title='bbox 305 495 434 548; x_wconf 87' lang='lat' dir='ltr'>Nub.</span> <span class='ocrx_word' id='word_1_13' title='bbox 464 513 534 549; x_wconf 87' lang='lat' dir='ltr'>VS.</span> <span class='ocrx_word' id='word_1_14' title='bbox 567 495 716 547; x_wconf 84' lang='lat'>1338.</span> <span class='ocrx_word' id='word_1_15' title='bbox 757 486 1038 562; x_wconf 69' lang='grc' dir='ltr'>ἐδιδαξάμην</span> <span class='ocrx_word' id='word_1_16' title='bbox 1077 497 1228 561; x_wconf 84' lang='grc' dir='ltr'>μέντοι</span> <span class='ocrx_word' id='word_1_17' title='bbox 1268 511 1319 543; x_wconf 87' lang='grc' dir='ltr'>σε</span> <span class='ocrx_word' id='word_1_18' title='bbox 1358 493 1414 560; x_wconf 85' lang='grc' dir='ltr'>νὴ</span> <span class='ocrx_word' id='word_1_19' title='bbox 1456 490 1538 551; x_wconf 74' lang='grc' dir='ltr'>Δί’,</span> <span class='ocrx_word' id='word_1_20' title='bbox 1581 491 1619 540; x_wconf 80' lang='grc' dir='ltr'>ὼ</span> <span class='ocrx_word' id='word_1_21' title='bbox 1660 490 1791 557; x_wconf 86' lang='grc' dir='ltr'>μέλε,</span> 
     </span>
    </p>

    <p class='ocr_par' dir='ltr' id='par_1_3' title="bbox 762 567 1737 646">
     <span class='ocr_line' id='line_1_5' title="bbox 762 567 1737 646; baseline -0.005 -15"><span class='ocrx_word' id='word_1_22' title='bbox 762 588 898 631; x_wconf 84' lang='grc' dir='ltr'>τοῖσιν</span> <span class='ocrx_word' id='word_1_23' title='bbox 938 582 1122 637; x_wconf 82' lang='grc' dir='ltr'>δικαίοις</span> <span class='ocrx_word' id='word_1_24' title='bbox 1149 581 1410 646; x_wconf 62' lang='grc' dir='ltr'>ἀντιλέγειν,</span> <span class='ocrx_word' id='word_1_25' title='bbox 1440 567 1478 628; x_wconf 76' lang='grc' dir='ltr'>εἰ</span> <span class='ocrx_word' id='word_1_26' title='bbox 1514 582 1661 628; x_wconf 75' lang='grc' dir='ltr'>ταῦτά</span> <span class='ocrx_word' id='word_1_27' title='bbox 1686 596 1737 644; x_wconf 68' lang='grc' dir='ltr'>γε</span> 
     </span>
    </p>

    <p class='ocr_par' dir='ltr' id='par_1_4' title="bbox 765 663 1880 734">
     <span class='ocr_line' id='line_1_6' title="bbox 765 663 1880 734; baseline -0.005 -17"><span class='ocrx_word' id='word_1_28' title='bbox 765 668 955 734; x_wconf 88' lang='grc' dir='ltr'>μέλλεις</span> <span class='ocrx_word' id='word_1_29' title='bbox 995 669 1267 727; x_wconf 78' lang='grc' dir='ltr'>ἀναπείσειν,</span> <span class='ocrx_word' id='word_1_30' title='bbox 1310 666 1376 721; x_wconf 80' lang='grc' dir='ltr'>ὡς</span> <span class='ocrx_word' id='word_1_31' title='bbox 1413 666 1582 715; x_wconf 77' lang='grc' dir='ltr'>δίκαιον</span> <span class='ocrx_word' id='word_1_32' title='bbox 1622 664 1698 714; x_wconf 78' lang='grc' dir='ltr'>καὶ</span> <span class='ocrx_word' id='word_1_33' title='bbox 1735 663 1880 712; x_wconf 79' lang='grc' dir='ltr'>καλὸν</span> 
     </span>
    </p>

    <p class='ocr_par' dir='ltr' id='par_1_5' title="bbox 136 749 1997 1593">
     <span class='ocr_line' id='line_1_7' title="bbox 763 749 1915 825; baseline -0.005 -21"><span class='ocrx_word' id='word_1_34' title='bbox 763 755 839 804; x_wconf 82' lang='grc' dir='ltr'>τὸν</span> <span class='ocrx_word' id='word_1_35' title='bbox 879 757 1055 825; x_wconf 79' lang='grc' dir='ltr'>πατέρα</span> <span class='ocrx_word' id='word_1_36' title='bbox 1093 753 1310 804; x_wconf 72' lang='grc' dir='ltr'>τύπτεσθ’</span> <span class='ocrx_word' id='word_1_37' title='bbox 1354 752 1473 802; x_wconf 80' lang='grc' dir='ltr'>ἐστὶν</span> <span class='ocrx_word' id='word_1_38' title='bbox 1515 751 1597 800; x_wconf 76' lang='grc' dir='ltr'>ὑπὸ</span> <span class='ocrx_word' id='word_1_39' title='bbox 1636 755 1728 800; x_wconf 74' lang='grc' dir='ltr'>τῶν</span> <span class='ocrx_word' id='word_1_40' title='bbox 1770 749 1915 799; x_wconf 61' lang='grc' dir='ltr'>ὑιέοω.</span> 
     </span>
     <span class='ocr_line' id='line_1_8' title="bbox 136 835 1990 909; baseline -0.004 -16"><span class='ocrx_word' id='word_1_41' title='bbox 136 839 474 893; x_wconf 88' lang='lat' dir='ltr'>Lamentatur</span> <span class='ocrx_word' id='word_1_42' title='bbox 520 839 842 909; x_wconf 87' lang='lat' dir='ltr'>Strepsiades</span> <span class='ocrx_word' id='word_1_43' title='bbox 891 858 946 893; x_wconf 88' lang='lat' dir='ltr'>se</span> <span class='ocrx_word' id='word_1_44' title='bbox 992 842 1178 909; x_wconf 90' lang='lat' dir='ltr'>ipsum,</span> <span class='ocrx_word' id='word_1_45' title='bbox 1239 856 1354 891; x_wconf 90' lang='lat' dir='ltr'>cum</span> <span class='ocrx_word' id='word_1_46' title='bbox 1399 835 1736 906; x_wconf 87' lang='lat' dir='ltr'>Phidippides</span> <span class='ocrx_word' id='word_1_47' title='bbox 1793 842 1990 904; x_wconf 90' lang='lat' dir='ltr'>patrem</span> 
     </span>
     <span class='ocr_line' id='line_1_9' title="bbox 138 921 1994 988; baseline -0.004 -10"><span class='ocrx_word' id='word_1_48' title='bbox 138 942 169 978; x_wconf 90' lang='lat' dir='ltr'>a</span> <span class='ocrx_word' id='word_1_49' title='bbox 205 925 309 978; x_wconf 89' lang='lat' dir='ltr'>filio</span> <span class='ocrx_word' id='word_1_50' title='bbox 353 925 606 977; x_wconf 89' lang='lat' dir='ltr'>verberari</span> <span class='ocrx_word' id='word_1_51' title='bbox 646 927 834 978; x_wconf 89' lang='lat' dir='ltr'>iustum</span> <span class='ocrx_word' id='word_1_52' title='bbox 875 942 990 978; x_wconf 89' lang='lat' dir='ltr'>esse</span> <span class='ocrx_word' id='word_1_53' title='bbox 1029 924 1386 977; x_wconf 88' lang='lat' dir='ltr'>demonstrare</span> <span class='ocrx_word' id='word_1_54' title='bbox 1412 922 1549 988; x_wconf 87' lang='lat' dir='ltr'>velit,</span> <span class='ocrx_word' id='word_1_55' title='bbox 1592 927 1643 973; x_wconf 93' lang='lat' dir='ltr'>et</span> <span class='ocrx_word' id='word_1_56' title='bbox 1679 922 1790 973; x_wconf 92' lang='lat' dir='ltr'>sine</span> <span class='ocrx_word' id='word_1_57' title='bbox 1828 921 1994 972; x_wconf 89' lang='lat' dir='ltr'>ironia</span> 
     </span>
     <span class='ocr_line' id='line_1_10' title="bbox 141 1001 1992 1078; baseline -0.003 -16"><span class='ocrx_word' id='word_1_58' title='bbox 141 1010 313 1062; x_wconf 81' lang='lat' dir='ltr'>dicere</span> <span class='ocrx_word' id='word_1_59' title='bbox 352 1009 596 1062; x_wconf 80' lang='lat' dir='ltr'>debebat:</span> <span class='ocrx_word' id='word_1_60' title='bbox 637 1011 718 1060; x_wconf 74' lang='grc' dir='ltr'>οὐκ</span> <span class='ocrx_word' id='word_1_61' title='bbox 758 1013 812 1060; x_wconf 84' lang='grc' dir='ltr'>ἀν</span> <span class='ocrx_word' id='word_1_62' title='bbox 847 1001 1128 1078; x_wconf 68' lang='grc' dir='ltr'>ἐδιδαξάμην</span> <span class='ocrx_word' id='word_1_63' title='bbox 1170 1028 1237 1070; x_wconf 88' lang='grc' dir='ltr'>σε,</span> <span class='ocrx_word' id='word_1_64' title='bbox 1282 1011 1319 1059; x_wconf 77' lang='grc' dir='ltr'>εἰ</span> <span class='ocrx_word' id='word_1_65' title='bbox 1345 1009 1536 1075; x_wconf 77' lang='grc' dir='ltr'>μέλλεις</span> <span class='ocrx_word' id='word_1_66' title='bbox 1576 1008 1848 1067; x_wconf 74' lang='grc' dir='ltr'>ἀναπείσειν,</span> <span class='ocrx_word' id='word_1_67' title='bbox 1889 1022 1992 1057; x_wconf 91' lang='lat' dir='ltr'>non</span> 
     </span>
     <span class='ocr_line' id='line_1_11' title="bbox 138 1094 1994 1165; baseline -0.003 -16"><span class='ocrx_word' id='word_1_68' title='bbox 138 1097 395 1150; x_wconf 78' lang='lat' dir='ltr'>mehercle</span> <span class='ocrx_word' id='word_1_69' title='bbox 440 1103 491 1149; x_wconf 90' lang='lat' dir='ltr'>te</span> <span class='ocrx_word' id='word_1_70' title='bbox 538 1097 782 1165; x_wconf 82' lang='lat' dir='ltr'>sophistis</span> <span class='ocrx_word' id='word_1_71' title='bbox 832 1096 1171 1150; x_wconf 86' lang='lat' dir='ltr'>erudiendum</span> <span class='ocrx_word' id='word_1_72' title='bbox 1208 1095 1554 1160; x_wconf 81' lang='lat' dir='ltr'>tradidissem,</span> <span class='ocrx_word' id='word_1_73' title='bbox 1601 1094 1644 1146; x_wconf 90' lang='lat' dir='ltr'>si</span> <span class='ocrx_word' id='word_1_74' title='bbox 1695 1110 1832 1145; x_wconf 91' lang='lat' dir='ltr'>nunc</span> <span class='ocrx_word' id='word_1_75' title='bbox 1876 1109 1994 1161; x_wconf 91' lang='lat' dir='ltr'>per-</span> 
     </span>
     <span class='ocr_line' id='line_1_12' title="bbox 140 1176 1994 1247; baseline -0.004 -12"><span class='ocrx_word' id='word_1_76' title='bbox 140 1198 383 1235; x_wconf 87' lang='lat' dir='ltr'>suasurus</span> <span class='ocrx_word' id='word_1_77' title='bbox 435 1198 506 1234; x_wconf 91' lang='lat' dir='ltr'>es.</span> <span class='ocrx_word' id='word_1_78' title='bbox 592 1181 717 1234; x_wconf 88' lang='lat' dir='ltr'>Cum</span> <span class='ocrx_word' id='word_1_79' title='bbox 765 1200 884 1236; x_wconf 88' lang='lat' dir='ltr'>vero</span> <span class='ocrx_word' id='word_1_80' title='bbox 930 1183 1126 1234; x_wconf 83' lang='lat' dir='ltr'>ironiae</span> <span class='ocrx_word' id='word_1_81' title='bbox 1167 1182 1247 1247; x_wconf 83' lang='lat' dir='ltr'>sit,</span> <span class='ocrx_word' id='word_1_82' title='bbox 1296 1180 1610 1233; x_wconf 88' lang='lat' dir='ltr'>contrarium</span> <span class='ocrx_word' id='word_1_83' title='bbox 1663 1176 1835 1230; x_wconf 78' lang='lat' dir='ltr'>dicere</span> <span class='ocrx_word' id='word_1_84' title='bbox 1884 1178 1994 1229; x_wconf 91' lang='lat' dir='ltr'>eius</span> 
     </span>
     <span class='ocr_line' id='line_1_13' title="bbox 140 1263 1995 1337; baseline -0.002 -19"><span class='ocrx_word' id='word_1_85' title='bbox 140 1266 276 1335; x_wconf 90' lang='lat' dir='ltr'>quod</span> <span class='ocrx_word' id='word_1_86' title='bbox 301 1266 533 1333; x_wconf 82' lang='lat' dir='ltr'>intellegi</span> <span class='ocrx_word' id='word_1_87' title='bbox 561 1266 766 1334; x_wconf 90' lang='lat' dir='ltr'>debeat,</span> <span class='ocrx_word' id='word_1_88' title='bbox 805 1272 966 1337; x_wconf 90' lang='lat' dir='ltr'>patet,</span> <span class='ocrx_word' id='word_1_89' title='bbox 995 1285 1057 1320; x_wconf 90' lang='lat' dir='ltr'>ea</span> <span class='ocrx_word' id='word_1_90' title='bbox 1096 1284 1227 1336; x_wconf 89' lang='lat' dir='ltr'>quae</span> <span class='ocrx_word' id='word_1_91' title='bbox 1254 1267 1365 1320; x_wconf 92' lang='lat' dir='ltr'>sine</span> <span class='ocrx_word' id='word_1_92' title='bbox 1392 1264 1559 1317; x_wconf 91' lang='lat' dir='ltr'>ironia</span> <span class='ocrx_word' id='word_1_93' title='bbox 1598 1279 1711 1315; x_wconf 91' lang='lat' dir='ltr'>cum</span> <span class='ocrx_word' id='word_1_94' title='bbox 1739 1263 1995 1331; x_wconf 87' lang='lat' dir='ltr'>particula</span> 
     </span>
     <span class='ocr_line' id='line_1_14' title="bbox 140 1347 1997 1418; baseline -0.003 -14"><span class='ocrx_word' id='word_1_95' title='bbox 140 1356 194 1404; x_wconf 84' lang='grc' dir='ltr'>ἄν</span> <span class='ocrx_word' id='word_1_96' title='bbox 234 1351 456 1404; x_wconf 89' lang='lat' dir='ltr'>dicenda</span> <span class='ocrx_word' id='word_1_97' title='bbox 494 1358 681 1418; x_wconf 89' lang='lat' dir='ltr'>essent,</span> <span class='ocrx_word' id='word_1_98' title='bbox 712 1353 755 1405; x_wconf 90' lang='lat' dir='ltr'>si</span> <span class='ocrx_word' id='word_1_99' title='bbox 793 1353 985 1405; x_wconf 87' lang='lat' dir='ltr'>ironice</span> <span class='ocrx_word' id='word_1_100' title='bbox 1014 1352 1268 1414; x_wconf 84' lang='lat' dir='ltr'>dicuntur,</span> <span class='ocrx_word' id='word_1_101' title='bbox 1309 1365 1486 1403; x_wconf 88' lang='lat' dir='ltr'>carere</span> <span class='ocrx_word' id='word_1_102' title='bbox 1514 1347 1704 1400; x_wconf 89' lang='lat' dir='ltr'>debere</span> <span class='ocrx_word' id='word_1_103' title='bbox 1741 1348 1997 1416; x_wconf 87' lang='lat' dir='ltr'>particula</span> 
     </span>
     <span class='ocr_line' id='line_1_15' title="bbox 141 1432 1993 1506; baseline -0.004 -15"><span class='ocrx_word' id='word_1_104' title='bbox 141 1440 241 1506; x_wconf 87' lang='lat' dir='ltr'>(sic</span> <span class='ocrx_word' id='word_1_105' title='bbox 288 1455 396 1491; x_wconf 90' lang='lat' dir='ltr'>rem</span> <span class='ocrx_word' id='word_1_106' title='bbox 442 1443 580 1489; x_wconf 91' lang='lat' dir='ltr'>recte</span> <span class='ocrx_word' id='word_1_107' title='bbox 626 1437 889 1506; x_wconf 82' lang='lat' dir='ltr'>expedivit</span> <span class='ocrx_word' id='word_1_108' title='bbox 927 1437 1253 1490; x_wconf 89' lang='lat' dir='ltr'>Hermannus</span> <span class='ocrx_word' id='word_1_109' title='bbox 1304 1435 1368 1488; x_wconf 91' lang='lat' dir='ltr'>de</span> <span class='ocrx_word' id='word_1_110' title='bbox 1406 1439 1539 1503; x_wconf 89' lang='lat' dir='ltr'>part.</span> <span class='ocrx_word' id='word_1_111' title='bbox 1588 1436 1642 1483; x_wconf 83' lang='grc' dir='ltr'>ἄν</span> <span class='ocrx_word' id='word_1_112' title='bbox 1691 1448 1804 1501; x_wconf 91' lang='lat' dir='ltr'>cap.</span> <span class='ocrx_word' id='word_1_113' title='bbox 1855 1432 1993 1499; x_wconf 88' lang='lat' dir='ltr'>XIV,</span> 
     </span>
     <span class='ocr_line' id='line_1_16' title="bbox 139 1520 1139 1593; baseline 0.001 -20"><span class='ocrx_word' id='word_1_114' title='bbox 139 1542 189 1593; x_wconf 88' lang='lat' dir='ltr'>p.</span> <span class='ocrx_word' id='word_1_115' title='bbox 232 1524 338 1589; x_wconf 87' lang='lat'>74).</span> <span class='ocrx_word' id='word_1_116' title='bbox 414 1520 660 1584; x_wconf 82' lang='lat' dir='ltr'>Quartum</span> <span class='ocrx_word' id='word_1_117' title='bbox 701 1523 996 1592; x_wconf 79' lang='lat' dir='ltr'>exemplum</span> <span class='ocrx_word' id='word_1_118' title='bbox 1036 1527 1139 1576; x_wconf 87' lang='lat' dir='ltr'>est:</span> 
     </span>
    </p>

    <p class='ocr_par' dir='ltr' id='par_1_6' title="bbox 138 1603 1998 2007">
     <span class='ocr_line' id='line_1_17' title="bbox 281 1603 1788 1677; baseline -0.004 -17"><span class='ocrx_word' id='word_1_119' title='bbox 281 1607 407 1660; x_wconf 69' lang='lat' dir='ltr'>Aah.</span> <span class='ocrx_word' id='word_1_120' title='bbox 436 1624 508 1660; x_wconf 85' lang='lat' dir='ltr'>VS.</span> <span class='ocrx_word' id='word_1_121' title='bbox 538 1608 655 1658; x_wconf 76' lang='lat'>562.</span> <span class='ocrx_word' id='word_1_122' title='bbox 696 1607 775 1658; x_wconf 69' lang='grc' dir='ltr'>εἶτ’</span> <span class='ocrx_word' id='word_1_123' title='bbox 817 1610 854 1658; x_wconf 72' lang='grc' dir='ltr'>εἰ</span> <span class='ocrx_word' id='word_1_124' title='bbox 891 1610 1055 1669; x_wconf 79' lang='grc' dir='ltr'>δίκαια,</span> <span class='ocrx_word' id='word_1_125' title='bbox 1099 1615 1258 1659; x_wconf 74' lang='grc' dir='ltr'>τοῦτον</span> <span class='ocrx_word' id='word_1_126' title='bbox 1299 1609 1433 1657; x_wconf 75' lang='grc' dir='ltr'>εἰπεῖν</span> <span class='ocrx_word' id='word_1_127' title='bbox 1475 1603 1576 1656; x_wconf 71' lang='grc' dir='ltr'>αὔτ’</span> <span class='ocrx_word' id='word_1_128' title='bbox 1619 1606 1788 1677; x_wconf 59' lang='grc' dir='ltr'>ἐχρῆν,</span> 
     </span>
     <span class='ocr_line' id='line_1_18' title="bbox 138 1690 1998 1761; baseline -0.004 -12"><span class='ocrx_word' id='word_1_129' title='bbox 138 1695 474 1760; x_wconf 85' lang='lat' dir='ltr'>Interrogatio</span> <span class='ocrx_word' id='word_1_130' title='bbox 532 1711 687 1747; x_wconf 87' lang='lat' dir='ltr'>sensu</span> <span class='ocrx_word' id='word_1_131' title='bbox 735 1697 973 1761; x_wconf 82' lang='lat' dir='ltr'>negativo</span> <span class='ocrx_word' id='word_1_132' title='bbox 1028 1693 1381 1761; x_wconf 84' lang='lat' dir='ltr'>intellegenda</span> <span class='ocrx_word' id='word_1_133' title='bbox 1427 1701 1506 1745; x_wconf 86' lang='lat' dir='ltr'>est</span> <span class='ocrx_word' id='word_1_134' title='bbox 1562 1692 1803 1761; x_wconf 89' lang='lat' dir='ltr'>idemque</span> <span class='ocrx_word' id='word_1_135' title='bbox 1861 1690 1998 1742; x_wconf 88' lang='lat' dir='ltr'>valet</span> 
     </span>
     <span class='ocr_line' id='line_1_19' title="bbox 141 1779 1998 1850; baseline -0.004 -16"><span class='ocrx_word' id='word_1_136' title='bbox 141 1788 316 1849; x_wconf 87' lang='lat' dir='ltr'>atque:</span> <span class='ocrx_word' id='word_1_137' title='bbox 357 1782 395 1830; x_wconf 76' lang='grc' dir='ltr'>εἰ</span> <span class='ocrx_word' id='word_1_138' title='bbox 420 1781 568 1830; x_wconf 77' lang='grc' dir='ltr'>δίκαια</span> <span class='ocrx_word' id='word_1_139' title='bbox 593 1781 731 1848; x_wconf 66' lang='grc' dir='ltr'>λέγει,</span> <span class='ocrx_word' id='word_1_140' title='bbox 759 1788 918 1832; x_wconf 79' lang='grc' dir='ltr'>τοῦτον</span> <span class='ocrx_word' id='word_1_141' title='bbox 945 1783 1080 1832; x_wconf 75' lang='grc' dir='ltr'>εἰπεῖν</span> <span class='ocrx_word' id='word_1_142' title='bbox 1109 1782 1199 1832; x_wconf 75' lang='grc' dir='ltr'>αὔτ’</span> <span class='ocrx_word' id='word_1_143' title='bbox 1245 1781 1326 1831; x_wconf 78' lang='grc' dir='ltr'>οὐκ</span> <span class='ocrx_word' id='word_1_144' title='bbox 1358 1781 1517 1850; x_wconf 76' lang='grc' dir='ltr'>ἐχρῆν.</span> <span class='ocrx_word' id='word_1_145' title='bbox 1596 1779 1757 1831; x_wconf 85' lang='lat' dir='ltr'>Simul</span> <span class='ocrx_word' id='word_1_146' title='bbox 1784 1783 1998 1846; x_wconf 76' lang='lat' dir='ltr'>propter</span> 
     </span>
     <span class='ocr_line' id='line_1_20' title="bbox 139 1862 1996 1938; baseline -0.003 -19"><span class='ocrx_word' id='word_1_147' title='bbox 139 1869 452 1920; x_wconf 82' lang='lat' dir='ltr'>sententiam</span> <span class='ocrx_word' id='word_1_148' title='bbox 480 1866 722 1936; x_wconf 85' lang='lat' dir='ltr'>apodosis</span> <span class='ocrx_word' id='word_1_149' title='bbox 749 1870 1037 1938; x_wconf 84' lang='lat' dir='ltr'>oppositam</span> <span class='ocrx_word' id='word_1_150' title='bbox 1072 1869 1268 1938; x_wconf 88' lang='lat' dir='ltr'>protasi</span> <span class='ocrx_word' id='word_1_151' title='bbox 1303 1865 1676 1920; x_wconf 89' lang='lat' dir='ltr'>condicionalis</span> <span class='ocrx_word' id='word_1_152' title='bbox 1711 1862 1996 1933; x_wconf 89' lang='lat' dir='ltr'>particulae</span> 
     </span>
     <span class='ocr_line' id='line_1_21' title="bbox 140 1952 938 2007; baseline 0.005 -5"><span class='ocrx_word' id='word_1_153' title='bbox 140 1954 178 2003; x_wconf 78' lang='grc' dir='ltr'>εἰ</span> <span class='ocrx_word' id='word_1_154' title='bbox 217 1953 289 2005; x_wconf 85' lang='lat' dir='ltr'>vis</span> <span class='ocrx_word' id='word_1_155' title='bbox 329 1953 630 2005; x_wconf 91' lang='lat' dir='ltr'>concessiva</span> <span class='ocrx_word' id='word_1_156' title='bbox 666 1952 804 2006; x_wconf 91' lang='lat' dir='ltr'>facta</span> <span class='ocrx_word' id='word_1_157' title='bbox 841 1958 938 2007; x_wconf 89' lang='lat' dir='ltr'>est.</span> 
     </span>
    </p>

    <p class='ocr_par' dir='ltr' id='par_1_7' title="bbox 140 2033 2004 2694">
     <span class='ocr_line' id='line_1_22' title="bbox 280 2033 1998 2108; baseline -0.003 -18"><span class='ocrx_word' id='word_1_158' title='bbox 280 2038 392 2091; x_wconf 91' lang='lat' dir='ltr'>Hae</span> <span class='ocrx_word' id='word_1_159' title='bbox 430 2037 537 2091; x_wconf 90' lang='lat' dir='ltr'>fere</span> <span class='ocrx_word' id='word_1_160' title='bbox 578 2044 696 2091; x_wconf 91' lang='lat' dir='ltr'>sunt</span> <span class='ocrx_word' id='word_1_161' title='bbox 734 2039 978 2108; x_wconf 88' lang='lat' dir='ltr'>apodosis</span> <span class='ocrx_word' id='word_1_162' title='bbox 1012 2039 1209 2092; x_wconf 89' lang='lat' dir='ltr'>formae</span> <span class='ocrx_word' id='word_1_163' title='bbox 1249 2037 1630 2090; x_wconf 88' lang='lat' dir='ltr'>enuntiatorum</span> <span class='ocrx_word' id='word_1_164' title='bbox 1666 2033 1998 2087; x_wconf 89' lang='lat' dir='ltr'>condiciona-</span> 
     </span>
     <span class='ocr_line' id='line_1_23' title="bbox 140 2119 1999 2194; baseline -0.004 -17"><span class='ocrx_word' id='word_1_165' title='bbox 140 2125 284 2191; x_wconf 87' lang='lat' dir='ltr'>lium,</span> <span class='ocrx_word' id='word_1_166' title='bbox 333 2140 546 2193; x_wconf 89' lang='lat' dir='ltr'>quorum</span> <span class='ocrx_word' id='word_1_167' title='bbox 586 2126 805 2193; x_wconf 88' lang='lat' dir='ltr'>protasis</span> <span class='ocrx_word' id='word_1_168' title='bbox 850 2125 1105 2194; x_wconf 88' lang='lat' dir='ltr'>particula</span> <span class='ocrx_word' id='word_1_169' title='bbox 1143 2126 1181 2174; x_wconf 75' lang='grc' dir='ltr'>εἰ</span> <span class='ocrx_word' id='word_1_170' title='bbox 1218 2141 1333 2176; x_wconf 89' lang='lat' dir='ltr'>cum</span> <span class='ocrx_word' id='word_1_171' title='bbox 1378 2121 1658 2173; x_wconf 88' lang='lat' dir='ltr'>indicativo</span> <span class='ocrx_word' id='word_1_172' title='bbox 1706 2119 1999 2188; x_wconf 87' lang='lat' dir='ltr'>praesentis</span> 
     </span>
     <span class='ocr_line' id='line_1_24' title="bbox 144 2205 2002 2279; baseline -0.004 -17"><span class='ocrx_word' id='word_1_173' title='bbox 144 2213 418 2263; x_wconf 85' lang='lat' dir='ltr'>coniuncta</span> <span class='ocrx_word' id='word_1_174' title='bbox 457 2211 690 2265; x_wconf 89' lang='lat' dir='ltr'>efficitur.</span> <span class='ocrx_word' id='word_1_175' title='bbox 746 2211 940 2278; x_wconf 83' lang='lat' dir='ltr'>Restat,</span> <span class='ocrx_word' id='word_1_176' title='bbox 968 2215 1026 2264; x_wconf 90' lang='lat' dir='ltr'>ut</span> <span class='ocrx_word' id='word_1_177' title='bbox 1065 2211 1129 2263; x_wconf 92' lang='lat' dir='ltr'>de</span> <span class='ocrx_word' id='word_1_178' title='bbox 1167 2209 1539 2279; x_wconf 89' lang='lat' dir='ltr'>particularum</span> <span class='ocrx_word' id='word_1_179' title='bbox 1579 2207 1716 2276; x_wconf 76' lang='grc' dir='ltr'>εἴπερ,</span> <span class='ocrx_word' id='word_1_180' title='bbox 1760 2207 1797 2255; x_wconf 72' lang='grc' dir='ltr'>εἰ</span> <span class='ocrx_word' id='word_1_181' title='bbox 1836 2205 1912 2254; x_wconf 78' lang='grc' dir='ltr'>καὶ</span> <span class='ocrx_word' id='word_1_182' title='bbox 1952 2210 2002 2256; x_wconf 88' lang='lat' dir='ltr'>et</span> 
     </span>
     <span class='ocr_line' id='line_1_25' title="bbox 142 2290 2001 2367; baseline -0.002 -21"><span class='ocrx_word' id='word_1_183' title='bbox 142 2297 218 2347; x_wconf 76' lang='grc' dir='ltr'>καὶ</span> <span class='ocrx_word' id='word_1_184' title='bbox 257 2298 294 2346; x_wconf 76' lang='grc' dir='ltr'>εἰ</span> <span class='ocrx_word' id='word_1_185' title='bbox 334 2313 450 2349; x_wconf 89' lang='lat' dir='ltr'>cum</span> <span class='ocrx_word' id='word_1_186' title='bbox 488 2297 767 2350; x_wconf 85' lang='lat' dir='ltr'>indicativo</span> <span class='ocrx_word' id='word_1_187' title='bbox 794 2298 1086 2367; x_wconf 87' lang='lat' dir='ltr'>praesentis</span> <span class='ocrx_word' id='word_1_188' title='bbox 1128 2297 1484 2365; x_wconf 89' lang='lat' dir='ltr'>copulatarum</span> <span class='ocrx_word' id='word_1_189' title='bbox 1512 2294 1561 2345; x_wconf 81' lang='lat' dir='ltr'>vi</span> <span class='ocrx_word' id='word_1_190' title='bbox 1597 2308 1765 2362; x_wconf 89' lang='lat' dir='ltr'>pauca</span> <span class='ocrx_word' id='word_1_191' title='bbox 1791 2290 2001 2343; x_wconf 88' lang='lat' dir='ltr'>addam.</span> 
     </span>
     <span class='ocr_line' id='line_1_26' title="bbox 143 2378 2002 2455; baseline -0.004 -20"><span class='ocrx_word' id='word_1_192' title='bbox 143 2382 404 2436; x_wconf 90' lang='lat' dir='ltr'>Particula</span> <span class='ocrx_word' id='word_1_193' title='bbox 439 2402 539 2455; x_wconf 82' lang='grc' dir='ltr'>περ,</span> <span class='ocrx_word' id='word_1_194' title='bbox 582 2384 726 2436; x_wconf 89' lang='lat' dir='ltr'>cuius</span> <span class='ocrx_word' id='word_1_195' title='bbox 775 2384 917 2449; x_wconf 85' lang='lat' dir='ltr'>origo</span> <span class='ocrx_word' id='word_1_196' title='bbox 964 2400 1029 2436; x_wconf 78' lang='lat' dir='ltr'>ex</span> <span class='ocrx_word' id='word_1_197' title='bbox 1066 2381 1449 2451; x_wconf 87' lang='lat' dir='ltr'>praepositione</span> <span class='ocrx_word' id='word_1_198' title='bbox 1495 2379 1595 2450; x_wconf 75' lang='grc' dir='ltr'>περὶ</span> <span class='ocrx_word' id='word_1_199' title='bbox 1632 2378 1839 2446; x_wconf 84' lang='lat' dir='ltr'>petitur,</span> <span class='ocrx_word' id='word_1_200' title='bbox 1893 2393 2002 2428; x_wconf 91' lang='lat' dir='ltr'>rem</span> 
     </span>
     <span class='ocr_line' id='line_1_27' title="bbox 144 2463 2003 2540; baseline -0.004 -19"><span class='ocrx_word' id='word_1_201' title='bbox 144 2469 250 2521; x_wconf 87' lang='lat' dir='ltr'>sive</span> <span class='ocrx_word' id='word_1_202' title='bbox 291 2476 461 2521; x_wconf 91' lang='lat' dir='ltr'>actum</span> <span class='ocrx_word' id='word_1_203' title='bbox 489 2486 613 2540; x_wconf 91' lang='lat' dir='ltr'>prae</span> <span class='ocrx_word' id='word_1_204' title='bbox 640 2470 824 2522; x_wconf 87' lang='lat' dir='ltr'>ceteris</span> <span class='ocrx_word' id='word_1_205' title='bbox 851 2485 964 2521; x_wconf 88' lang='lat' dir='ltr'>esse</span> <span class='ocrx_word' id='word_1_206' title='bbox 992 2467 1355 2534; x_wconf 84' lang='lat' dir='ltr'>significabant</span> <span class='ocrx_word' id='word_1_207' title='bbox 1381 2465 1582 2518; x_wconf 87' lang='lat' dir='ltr'>Graeci.</span> <span class='ocrx_word' id='word_1_208' title='bbox 1641 2464 1753 2516; x_wconf 91' lang='lat' dir='ltr'>Hac</span> <span class='ocrx_word' id='word_1_209' title='bbox 1780 2463 2003 2515; x_wconf 88' lang='lat' dir='ltr'>elatione</span> 
     </span>
     <span class='ocr_line' id='line_1_28' title="bbox 146 2548 2004 2622; baseline -0.005 -15"><span class='ocrx_word' id='word_1_210' title='bbox 146 2557 467 2608; x_wconf 88' lang='lat' dir='ltr'>enuntiatum</span> <span class='ocrx_word' id='word_1_211' title='bbox 526 2554 882 2608; x_wconf 88' lang='lat' dir='ltr'>condicionale</span> <span class='ocrx_word' id='word_1_212' title='bbox 939 2552 1004 2605; x_wconf 90' lang='lat' dir='ltr'>ad</span> <span class='ocrx_word' id='word_1_213' title='bbox 1051 2551 1321 2622; x_wconf 87' lang='lat' dir='ltr'>apodosim</span> <span class='ocrx_word' id='word_1_214' title='bbox 1379 2568 1493 2604; x_wconf 89' lang='lat' dir='ltr'>raro</span> <span class='ocrx_word' id='word_1_215' title='bbox 1549 2552 1622 2602; x_wconf 90' lang='lat' dir='ltr'>ita</span> <span class='ocrx_word' id='word_1_216' title='bbox 1676 2548 1908 2614; x_wconf 89' lang='lat' dir='ltr'>refertur,</span> <span class='ocrx_word' id='word_1_217' title='bbox 1949 2555 2004 2599; x_wconf 93' lang='lat' dir='ltr'>ut</span> 
     </span>
     <span class='ocr_line' id='line_1_29' title="bbox 146 2638 1259 2694; baseline -0.004 0"><span class='ocrx_word' id='word_1_218' title='bbox 146 2658 327 2694; x_wconf 87' lang='lat' dir='ltr'>sensus</span> <span class='ocrx_word' id='word_1_219' title='bbox 367 2641 696 2694; x_wconf 85' lang='lat' dir='ltr'>concessivus</span> <span class='ocrx_word' id='word_1_220' title='bbox 736 2639 938 2693; x_wconf 85' lang='lat' dir='ltr'>evadat.</span> <span class='ocrx_word' id='word_1_221' title='bbox 1015 2638 1170 2691; x_wconf 91' lang='lat' dir='ltr'>Velut</span> <span class='ocrx_word' id='word_1_222' title='bbox 1207 2639 1259 2690; x_wconf 94' lang='lat' dir='ltr'>in</span> 
     </span>
    </p>

    <p class='ocr_par' dir='ltr' id='par_1_8' title="bbox 316 2716 1603 2793">
     <span class='ocr_line' id='line_1_30' title="bbox 316 2716 1603 2793; baseline -0.005 -15"><span class='ocrx_word' id='word_1_223' title='bbox 316 2724 375 2778; x_wconf 90' lang='lat' dir='ltr'>N.</span> <span class='ocrx_word' id='word_1_224' title='bbox 405 2743 476 2778; x_wconf 83' lang='lat' dir='ltr'>vs.</span> <span class='ocrx_word' id='word_1_225' title='bbox 507 2726 626 2778; x_wconf 88' lang='lat'>340.</span> <span class='ocrx_word' id='word_1_226' title='bbox 920 2716 1024 2783; x_wconf 73' lang='grc' dir='ltr'>έΞον</span> <span class='ocrx_word' id='word_1_227' title='bbox 1065 2726 1121 2793; x_wconf 79' lang='grc' dir='ltr'>δή</span> <span class='ocrx_word' id='word_1_228' title='bbox 1164 2744 1238 2791; x_wconf 79' lang='grc' dir='ltr'>μοι</span> <span class='ocrx_word' id='word_1_229' title='bbox 1276 2725 1317 2773; x_wconf 79' lang='grc' dir='ltr'>τί</span> <span class='ocrx_word' id='word_1_230' title='bbox 1356 2724 1603 2782; x_wconf 75' lang='grc' dir='ltr'>παθοῦσαι,</span> 
     </span>
    </p>

    <p class='ocr_par' dir='ltr' id='par_1_9' title="bbox 149 2798 2070 3483">
     <span class='ocr_line' id='line_1_31' title="bbox 317 2798 1835 2884; baseline -0.005 -20"><span class='ocrx_word' id='word_1_231' title='bbox 317 2815 438 2884; x_wconf 78' lang='grc' dir='ltr'>εἴπερ</span> <span class='ocrx_word' id='word_1_232' title='bbox 472 2813 685 2883; x_wconf 65' lang='grc' dir='ltr'>Νεφέλαι</span> <span class='ocrx_word' id='word_1_233' title='bbox 723 2812 762 2880; x_wconf 68' lang='grc' dir='ltr'>γ’</span> <span class='ocrx_word' id='word_1_234' title='bbox 787 2814 895 2863; x_wconf 73' lang='grc' dir='ltr'>εἰσιν</span> <span class='ocrx_word' id='word_1_235' title='bbox 936 2813 1156 2880; x_wconf 71' lang='grc' dir='ltr'>ἀληθῶς,</span> <span class='ocrx_word' id='word_1_236' title='bbox 1198 2812 1394 2879; x_wconf 78' lang='grc' dir='ltr'>θνηταῖς</span> <span class='ocrx_word' id='word_1_237' title='bbox 1432 2803 1577 2869; x_wconf 67' lang='grc' dir='ltr'>εἴξασι</span> <span class='ocrx_word' id='word_1_238' title='bbox 1615 2798 1835 2876; x_wconf 46' lang='lat' dir='ltr'>romaz-[¹23</span> 
     </span>
     <span class='ocr_line' id='line_1_32' title="bbox 149 2893 2070 2969; baseline -0.004 -18"><span class='ocrx_word' id='word_1_239' title='bbox 149 2899 390 2968; x_wconf 88' lang='lat' dir='ltr'>apodosis</span> <span class='ocrx_word' id='word_1_240' title='bbox 435 2917 616 2954; x_wconf 85' lang='lat' dir='ltr'>sensus</span> <span class='ocrx_word' id='word_1_241' title='bbox 665 2901 942 2969; x_wconf 89' lang='lat' dir='ltr'>opponitur</span> <span class='ocrx_word' id='word_1_242' title='bbox 981 2900 1191 2968; x_wconf 87' lang='lat' dir='ltr'>protasi,</span> <span class='ocrx_word' id='word_1_243' title='bbox 1234 2900 1379 2951; x_wconf 87' lang='lat' dir='ltr'>cuius</span> <span class='ocrx_word' id='word_1_244' title='bbox 1419 2898 1494 2949; x_wconf 83' lang='lat' dir='ltr'>vis</span> <span class='ocrx_word' id='word_1_245' title='bbox 1533 2895 1787 2965; x_wconf 90' lang='lat' dir='ltr'>particula</span> <span class='ocrx_word' id='word_1_246' title='bbox 1824 2913 1906 2964; x_wconf 79' lang='grc' dir='ltr'>περ</span> <span class='ocrx_word' id='word_1_247' title='bbox 1935 2893 2007 2944; x_wconf 89' lang='lat' dir='ltr'>ita</span> <span class='ocrx_word' id='word_1_248' title='bbox 2067 2941 2070 2943; x_wconf 84' lang='lat'>.</span> 
     </span>
     <span class='ocr_line' id='line_1_33' title="bbox 151 2979 2008 3054; baseline -0.003 -18"><span class='ocrx_word' id='word_1_249' title='bbox 151 2994 302 3037; x_wconf 89' lang='lat' dir='ltr'>aucta</span> <span class='ocrx_word' id='word_1_250' title='bbox 339 2994 434 3052; x_wconf 89' lang='lat' dir='ltr'>est,</span> <span class='ocrx_word' id='word_1_251' title='bbox 468 2994 524 3038; x_wconf 91' lang='lat' dir='ltr'>ut</span> <span class='ocrx_word' id='word_1_252' title='bbox 550 2994 687 3038; x_wconf 88' lang='lat' dir='ltr'>recte</span> <span class='ocrx_word' id='word_1_253' title='bbox 727 2993 924 3038; x_wconf 88' lang='lat' dir='ltr'>vertere</span> <span class='ocrx_word' id='word_1_254' title='bbox 963 2986 1156 3054; x_wconf 89' lang='lat' dir='ltr'>possis:</span> <span class='ocrx_word' id='word_1_255' title='bbox 1198 2984 1460 3035; x_wconf 90' lang='lat' dir='ltr'>undenam</span> <span class='ocrx_word' id='word_1_256' title='bbox 1498 2982 1689 3034; x_wconf 88' lang='lat' dir='ltr'>factum</span> <span class='ocrx_word' id='word_1_257' title='bbox 1721 2989 1814 3046; x_wconf 83' lang='lat' dir='ltr'>est,</span> <span class='ocrx_word' id='word_1_258' title='bbox 1853 2987 1924 3045; x_wconf 90' lang='lat' dir='ltr'>ut,</span> <span class='ocrx_word' id='word_1_259' title='bbox 1965 2979 2008 3031; x_wconf 82' lang='lat' dir='ltr'>si</span> 
     </span>
     <span class='ocr_line' id='line_1_34' title="bbox 151 3065 2006 3135; baseline -0.002 -15"><span class='ocrx_word' id='word_1_260' title='bbox 151 3070 313 3122; x_wconf 87' lang='lat' dir='ltr'>nubes</span> <span class='ocrx_word' id='word_1_261' title='bbox 369 3071 486 3135; x_wconf 87' lang='lat' dir='ltr'>sint,</span> <span class='ocrx_word' id='word_1_262' title='bbox 547 3078 721 3124; x_wconf 89' lang='lat' dir='ltr'>tamen</span> <span class='ocrx_word' id='word_1_263' title='bbox 787 3072 890 3123; x_wconf 89' lang='lat' dir='ltr'>sint</span> <span class='ocrx_word' id='word_1_264' title='bbox 946 3070 1142 3123; x_wconf 90' lang='lat' dir='ltr'>similes</span> <span class='ocrx_word' id='word_1_265' title='bbox 1205 3068 1521 3121; x_wconf 85' lang='lat' dir='ltr'>mulieribus.</span> <span class='ocrx_word' id='word_1_266' title='bbox 1615 3065 1814 3118; x_wconf 90' lang='lat' dir='ltr'>Eadem</span> <span class='ocrx_word' id='word_1_267' title='bbox 1877 3065 2006 3117; x_wconf 91' lang='lat' dir='ltr'>ratio</span> 
     </span>
     <span class='ocr_line' id='line_1_35' title="bbox 152 3153 811 3209; baseline 0.002 -3"><span class='ocrx_word' id='word_1_268' title='bbox 152 3154 292 3206; x_wconf 84' lang='lat' dir='ltr'>cadit</span> <span class='ocrx_word' id='word_1_269' title='bbox 327 3155 378 3206; x_wconf 94' lang='lat' dir='ltr'>in</span> <span class='ocrx_word' id='word_1_270' title='bbox 426 3153 558 3209; x_wconf 87' lang='lat' dir='ltr'>Nub.</span> <span class='ocrx_word' id='word_1_271' title='bbox 586 3173 658 3209; x_wconf 87' lang='lat' dir='ltr'>vs.</span> <span class='ocrx_word' id='word_1_272' title='bbox 692 3157 811 3207; x_wconf 82' lang='lat'>399.</span> 
     </span>
     <span class='ocr_line' id='line_1_36' title="bbox 151 3237 2007 3313; baseline -0.003 -23"><span class='ocrx_word' id='word_1_273' title='bbox 151 3242 228 3290; x_wconf 75' lang='grc' dir='ltr'>καὶ</span> <span class='ocrx_word' id='word_1_274' title='bbox 272 3247 386 3302; x_wconf 81' lang='grc' dir='ltr'>πῶς,</span> <span class='ocrx_word' id='word_1_275' title='bbox 429 3243 550 3313; x_wconf 82' lang='grc' dir='ltr'>εἴπερ</span> <span class='ocrx_word' id='word_1_276' title='bbox 591 3241 758 3309; x_wconf 83' lang='grc' dir='ltr'>βάλλει</span> <span class='ocrx_word' id='word_1_277' title='bbox 795 3241 902 3298; x_wconf 74' lang='grc' dir='ltr'>τοὺς</span> <span class='ocrx_word' id='word_1_278' title='bbox 940 3242 1190 3312; x_wconf 75' lang='grc' dir='ltr'>ἐπιόρκους,</span> <span class='ocrx_word' id='word_1_279' title='bbox 1232 3237 1335 3308; x_wconf 79' lang='grc' dir='ltr'>δῆτ’</span> <span class='ocrx_word' id='word_1_280' title='bbox 1377 3240 1479 3309; x_wconf 76' lang='grc' dir='ltr'>οὐχὶ</span> <span class='ocrx_word' id='word_1_281' title='bbox 1517 3237 1692 3305; x_wconf 74' lang='grc' dir='ltr'>Σίμων’</span> <span class='ocrx_word' id='word_1_282' title='bbox 1733 3238 2007 3307; x_wconf 69' lang='grc' dir='ltr'>ε’νέπρησενὲ</span> 
     </span>
     <span class='ocr_line' id='line_1_37' title="bbox 153 3323 2011 3396; baseline -0.003 -17"><span class='ocrx_word' id='word_1_283' title='bbox 153 3326 257 3379; x_wconf 84' lang='lat' dir='ltr'>Sed</span> <span class='ocrx_word' id='word_1_284' title='bbox 300 3328 604 3396; x_wconf 90' lang='lat' dir='ltr'>plerumque</span> <span class='ocrx_word' id='word_1_285' title='bbox 643 3328 912 3395; x_wconf 84' lang='lat' dir='ltr'>augendae</span> <span class='ocrx_word' id='word_1_286' title='bbox 949 3334 1149 3380; x_wconf 88' lang='lat' dir='ltr'>tantum</span> <span class='ocrx_word' id='word_1_287' title='bbox 1190 3326 1508 3380; x_wconf 87' lang='lat' dir='ltr'>condicionis</span> <span class='ocrx_word' id='word_1_288' title='bbox 1554 3324 1750 3390; x_wconf 87' lang='lat' dir='ltr'>notioni</span> <span class='ocrx_word' id='word_1_289' title='bbox 1795 3323 2011 3375; x_wconf 89' lang='lat' dir='ltr'>inservit</span> 
     </span>
     <span class='ocr_line' id='line_1_38' title="bbox 153 3407 2010 3483; baseline -0.001 -21"><span class='ocrx_word' id='word_1_290' title='bbox 153 3414 292 3483; x_wconf 82' lang='grc' dir='ltr'>εἴπερ.</span> <span class='ocrx_word' id='word_1_291' title='bbox 366 3412 581 3466; x_wconf 87' lang='lat' dir='ltr'>Praeter</span> <span class='ocrx_word' id='word_1_292' title='bbox 617 3412 954 3466; x_wconf 84' lang='lat' dir='ltr'>indicativum</span> <span class='ocrx_word' id='word_1_293' title='bbox 993 3412 1169 3465; x_wconf 89' lang='lat' dir='ltr'>aoristi</span> <span class='ocrx_word' id='word_1_294' title='bbox 1209 3419 1260 3464; x_wconf 93' lang='lat' dir='ltr'>et</span> <span class='ocrx_word' id='word_1_295' title='bbox 1297 3411 1528 3480; x_wconf 87' lang='lat' dir='ltr'>perfecti,</span> <span class='ocrx_word' id='word_1_296' title='bbox 1557 3409 1641 3477; x_wconf 90' lang='lat' dir='ltr'>qui</span> <span class='ocrx_word' id='word_1_297' title='bbox 1678 3408 1732 3459; x_wconf 91' lang='lat' dir='ltr'>in</span> <span class='ocrx_word' id='word_1_298' title='bbox 1759 3407 2010 3476; x_wconf 86' lang='lat' dir='ltr'>exemplis</span> 
     </span>
    </p>
   </div>
  </div>
 </body>
</html>
