2266 3722
271 330 405 435 Qui
445 371 563 430 post
601 363 836 428 egregias
865 362 1145 415 Godofredi
1174 363 1457 416 Hermanni
1486 381 1634 416 curas
1663 368 1713 417 in
1742 384 2006 433 gramma·

141 447 277 497 tic-ae
322 461 540 509 graecae
589 455 734 514 parte
782 463 993 516 operam
1047 448 1430 500 collocaverunt
1476 466 1554 514 ea,
1596 467 1695 517 qua
1734 454 2002 506 enuntiata

141 530 520 582 condicionalia
568 532 914 596 continentur,
963 534 1012 584 in
1062 532 1189 584 duas
1240 542 1408 600 partes
1456 534 1710 586 abierunt.
1795 532 2010 589 Etenim

141 631 253 666 cum
294 616 745 680 grammaticorum
784 616 991 684 plurimi
1032 632 1083 669 et
1121 623 1352 669 veterum
1393 624 1446 669 et
1472 617 1754 670 Hermanni
1784 623 2001 687 vestigia

140 699 299 752 secuti
348 716 512 767 neque
560 702 812 767 originem
860 717 975 753 cum
1027 703 1849 771 enuntiatorumcompositorum
1893 715 1999 759 tum

139 784 571 837 condicionalium
619 785 899 838 admodum
950 794 1190 838 curantes
1242 818 1303 823 ——
1353 788 1555 856 excipio
1612 788 2000 858 philosophicos

137 887 262 937 quos
304 877 491 922 vocant
528 872 895 936 grammaticos
922 902 985 907 —
1017 871 1315 924 subtiliores
1344 888 1495 939 quam
1526 874 1748 926 veriores
1783 874 1998 927 distinc—

135 955 318 1019 tioneS,
370 972 500 1022 quae
547 957 680 1007 inter
729 957 895 1008 varias
943 955 1126 1008 horum
1184 957 1374 1009 formas
1430 956 1827 1024 intercederent,
1874 976 2000 1012 enu—

135 1041 382 1106 clearent,
422 1050 541 1092 ante
588 1041 678 1093 hos
729 1041 1138 1108 quattuordecim
1188 1058 1350 1094 annos
1391 1041 1682 1095 Ludovicus
1722 1042 1899 1109 Lange
1946 1048 1998 1097 in

133 1126 262 1178 libro
308 1125 624 1177 nitidissimo
671 1143 823 1193 quem
871 1127 1157 1195 inscripsit:
1199 1126 1303 1179 Der
1352 1127 1673 1180 homerische
1724 1127 1995 1182 Gebraucb

136 1210 228 1262 der
274 1208 504 1262 Partikel
554 1212 624 1276 El,
674 1228 840 1263 novae
897 1211 1165 1264 doctrinae
1223 1219 1401 1264 auctor
1446 1214 1656 1265 exstitit.
1732 1212 2001 1284 Exemplis

134 1299 416 1367 particulae
456 1301 495 1350 εἰ
533 1299 823 1365 homericis,
854 1316 983 1366 quae
1012 1301 1225 1368 optativi
1254 1299 1463 1352 modum
1494 1300 1757 1367 exhibent,
1785 1317 1998 1355 accura-

129 1388 325 1440 tissime
376 1387 694 1455 perlustratis
740 1388 1077 1456 probabiliter
1117 1387 1306 1453 docuit,
1356 1389 1623 1441 enuntiata
1668 1406 1699 1441 a
1743 1390 1998 1458 particula

129 1474 166 1521 εἰ
202 1472 506 1540 incipientia
544 1473 906 1540 antiquissima
945 1474 1201 1525 sermonis
1230 1475 1402 1539 graeci
1442 1481 1611 1526 aetate
1651 1473 1718 1525 ad
1764 1476 1997 1544 optativa

129 1560 436 1627 pertinuisse
483 1568 534 1611 et
589 1559 796 1612 adiecta
852 1559 1061 1611 demum
1109 1560 1274 1612 altera
1329 1561 1701 1626 enuntiatione,
1751 1577 1898 1628 quae,
1952 1563 1994 1613 si

125 1645 289 1713 ipsius
317 1647 505 1697 veritas
534 1662 564 1696 a
590 1644 727 1697 felici
758 1656 944 1697 eventu
968 1646 1224 1697 enuntiati
1246 1647 1460 1714 optativi
1480 1645 1764 1715 pendebat,
1786 1647 1994 1715 saepius

126 1746 242 1782 cum
281 1731 450 1798 priore
491 1731 720 1798 optativa
759 1731 1002 1799 copulata
1042 1731 1233 1783 sensim
1261 1730 1506 1799 apodosis
1544 1730 1715 1782 locum
1756 1731 1993 1794 obtinuit,

122 1814 355 1867 relaxata
382 1823 502 1867 ante
531 1817 765 1867 membra
791 1817 843 1867 in
871 1833 1025 1867 unam
1058 1816 1255 1867 formae
1284 1816 1658 1868 condicionalis
1687 1832 1990 1884 compagem

123 1900 398 1953 coaluisse.

261 1984 583 2053 Quamquam
607 1985 815 2038 detecta
834 1985 930 2038 hac
959 1988 1158 2052 origine
1187 1987 1372 2038 mirum
1402 1994 1647 2053 quantum
1675 1986 1991 2054 profecimus

119 2072 169 2123 in
210 2070 545 2140 explananda
583 2073 791 2140 syntaxi
835 2072 1102 2124 homerica
1141 2080 1192 2124 et
1230 2072 1440 2124 omnino
1481 2088 1685 2136 graeca,
1715 2089 1832 2123 cum
1867 2073 1990 2124 arti-

117 2156 293 2209 ficiose
314 2173 680 2224 usquequaque
703 2155 856 2209 modo
880 2157 1086 2225 ellipsin
1109 2156 1264 2209 modo
1286 2158 1611 2225 aposiopesin
1636 2156 1993 2210 adsciscerent

115 2242 333 2311 priores,
381 2259 513 2310 quae
569 2259 816 2311 perversa
860 2244 989 2294 ratio
1038 2244 1087 2294 in
1149 2244 1428 2294 enuntiatis
1486 2244 1727 2310 optativis
1785 2259 1990 2311 semper

117 2343 199 2379 me
237 2328 375 2380 male
413 2327 608 2393 habuit,
648 2336 842 2392 tamen,
883 2326 1021 2394 quod
1062 2326 1200 2378 haud
1239 2344 1353 2379 raro
1394 2328 1444 2378 in
1486 2326 1774 2379 excolenda
1810 2327 1989 2394 lingua

117 2411 326 2476 accidit,
374 2419 431 2465 ut
487 2411 693 2464 dic-endi
753 2412 950 2464 formae
1012 2413 1278 2481 primitiva
1324 2414 1463 2465 notio
1521 2412 1860 2478 abolesceret,
1907 2414 1984 2464 in-

115 2498 466 2550 crebresceret
529 2498 831 2563 derivativa,
896 2499 948 2549 in
1011 2497 1143 2550 haec
1215 2515 1415 2565 quoque
1478 2498 1747 2549 enuntiata
1808 2498 1982 2550 valuit.

114 2582 306 2645 Quodsi
347 2583 484 2652 apud
513 2585 679 2652 ipsum
711 2582 991 2635 Homerum
1034 2583 1388 2652 exemplorum
1419 2583 1704 2652 particulae
1744 2584 1782 2633 εἰ
1819 2584 1984 2635 maior

114 2686 231 2739 pars
289 2670 535 2724 desiderii
594 2672 639 2722 vi
696 2672 904 2723 abiecta
958 2670 1369 2724 condicionalem
1419 2672 1716 2740 assumpsit,
1763 2671 1834 2737 id,
1883 2688 1980 2739 quo

112 2757 275 2822 magis
333 2757 666 2825 hypotactioa
711 2757 1098 2808 enuntiatorum
1145 2764 1403 2809 structura
1454 2758 1825 2825 paratacticam
1887 2757 1978 2808 eli-

113 2842 361 2907 minabat,
419 2859 479 2895 eo
526 2842 729 2894 facilius
775 2843 1067 2911 oportuisse
1113 2842 1221 2894 fieri
1269 2842 1556 2909 intellegas.
1634 2841 1811 2910 Neque
1848 2842 1974 2894 illud

109 2925 175 2977 ad
241 2926 620 2979 obscurandam
686 2927 833 2978 huius
891 2943 1013 2979 usus
1071 2927 1323 2993 originem
1388 2944 1489 2979 non
1553 2928 1775 2981 contulit
1842 2927 1976 2995 quod

109 3011 361 3079 particula
399 3013 437 3062 εἰ
474 3029 589 3064 cum
631 3015 686 3062 ἄν
724 3013 775 3064 in
816 3013 896 3063 ἐάν
937 3015 1045 3066 sive
1084 3013 1143 3080 ἦν
1184 3011 1408 3064 conflata
1434 3013 1498 3065 ab
1525 3013 1669 3065 initio
1697 3014 1975 3065 enuntiatis

110 3115 248 3151 mere
287 3099 730 3152 condicionalibus
768 3100 1164 3168 praefigebatur.
1243 3099 1460 3153 Restant
1499 3107 1672 3153 tamen
1716 3100 1794 3152 vel
1834 3091 1978 3169 apud

105 3185 289 3236 attic-os
324 3185 601 3252 scriptores
630 3185 822 3237 saeculi
854 3186 1017 3252 quinti
1046 3202 1091 3237 a.
1122 3184 1175 3237 C.
1208 3203 1254 3236 n.
1298 3186 1553 3255 exempla,
1594 3186 1776 3253 quibus
1802 3186 1971 3238 tenuis

104 3270 484 3321 enuntiatorum
507 3269 942 3322 condicionalium
972 3271 1184 3336 originis
1204 3272 1459 3324 memoria
1484 3280 1732 3337 servatur,
1755 3287 1969 3338 quorum

104 3353 205 3407 duo
244 3353 626 3422 Aristophanea
664 3354 893 3407 afferam.
970 3354 1206 3406 Alterum
1247 3365 1326 3408 est
