2266 3722
958 194 1297 243 -31.„

209 349 496 418 particulae
548 349 627 399 ἐάν
682 351 1034 410 numerantur3
1092 348 1256 400 maior
1313 348 1445 400 foret
1502 366 1742 400 numerus
1801 349 2050 413 locorum,

211 437 390 503 quibus
415 437 474 502 ἥν
495 435 766 499 invenitur,
787 434 828 486 si
850 433 1177 502 periodorum
1200 434 1631 487 condicionalium
1655 433 2052 501 unumquodque

213 522 498 574 membrum
537 521 590 572 in
630 520 1064 588 computationem
1105 537 1420 587 vocaremus,
1454 527 1506 573 ut
1544 520 1765 589 exempli
1807 537 1964 572 causa
1991 538 2052 571 ex

212 605 351 659 Eccl.
393 623 465 658 vs,
505 606 628 658 799:

335 689 423 742 Vir
459 689 480 742 Ῑ
517 691 725 750 οἴσουσιν,
768 689 805 739 ὦ
844 697 940 740 τᾶν.
987 688 1074 740 Vir
1111 689 1168 741 ll.
1212 693 1268 758 ἢν
1309 690 1356 740 δὲ
1398 691 1462 758 μὴ
1503 693 1741 757 κομίσωπι,
1783 692 1847 753 τ”.;

336 775 424 827 Vir
461 775 481 828 Ι
519 777 696 845 ἀμέλει,
737 781 979 844 κομιοῦσιν.
1025 776 1112 828 Vir
1151 777 1207 829 ll.
1251 779 1280 845 ἦ
1322 777 1369 827 δὲ
1411 778 1673 831 mimenni,
1715 779 1781 841 '023

335 862 421 915 Vir
457 861 478 914 I
515 862 777 933 μαχούμεθ’
818 863 982 919 αὐτοῖς.
1028 863 1115 915 Vir
1154 862 1209 916 II.
1251 866 1307 931 ἡν
1348 863 1395 913 δὲ
1435 866 1663 934 κρείττους
1702 863 1800 921 ὦσι,
1842 864 1906 925 τ”.;

335 948 425 1001 Vir
461 949 482 1002 I
523 949 674 1018 ἄπειμ’
715 951 871 1006 ἐάσας.
918 949 1002 1001 Vir
1040 948 1098 1001 Il.
1139 952 1194 1017 ἢκ
1235 950 1283 1000 δὲ
1324 950 1517 1000 nortfuc-²
1560 952 1692 1009 αὐτοὶ,
1736 952 1798 1013 τί;

339 1035 426 1088 Vir
463 1035 483 1088 Ι
521 1039 822 1109 διαρραγείης.
869 1036 955 1088 Vir
992 1035 1049 1088 Π.
1091 1039 1147 1105 ἢν
1187 1039 1415 1108 διαρραγῶ
1455 1038 1519 1097 δὲ,
1562 1040 1624 1100 ῖί;

215 1122 438 1189 quinque
466 1125 751 1192 particulae
778 1126 834 1191 ἤν
862 1124 958 1177 loci
999 1125 1161 1191 promi
1203 1135 1431 1192 possunt.
1512 1124 1870 1192 Exemplorum
1912 1124 2059 1187 ratic,

219 1206 264 1258 si
301 1223 570 1260 numerum
620 1216 929 1278 spectamus,
971 1210 1020 1259 in
1067 1209 1302 1260 omnibus
1351 1208 1630 1260 comoediis
1678 1216 1875 1259 tantum
1916 1207 2062 1259 abest

213 1295 269 1342 ut
304 1307 399 1359 par
436 1292 517 1359 sit,
557 1300 613 1346 ut
649 1293 1010 1362 progrediente
1050 1299 1217 1344 aetate
1268 1303 1449 1360 poetae
1499 1309 1730 1346 crescere
1770 1293 1964 1345 formae
2004 1294 2060 1359 ἢν

213 1375 476 1430 adhibitae
517 1380 756 1449 exempla
793 1378 1201 1432 animadvertere
1239 1379 1408 1431 liceat.
1474 1379 1571 1432 Per
1608 1380 1823 1444 triginta
1861 1388 2057 1446 septem

216 1477 378 1515 annos
406 1463 763 1532 Aristophanis
787 1463 1099 1530 comoediae,
1129 1481 1258 1531 quae
1287 1463 1493 1532 quidem
1523 1470 1744 1529 exstant,
1772 1466 1823 1515 in
1852 1481 2060 1517 scenam

218 1545 477 1601 demissae
516 1555 651 1614 sunt,
694 1566 858 1617 neque
904 1550 1170 1617 quisquam
1219 1549 1316 1602 hoc
1363 1551 1529 1618 spatio
1569 1550 1679 1602 fieri
1720 1550 1962 1617 potuisse,
2010 1557 2065 1601 ut

217 1633 468 1686 sermonis
507 1651 627 1686 usus
676 1636 911 1701 variaret,
950 1636 1231 1701 negaverit.
1307 1634 1358 1687 Si
1398 1635 1508 1702 quis
1557 1633 1695 1702 apud
1743 1634 1869 1687 alios
1917 1634 2063 1687 huius

218 1717 412 1770 saeculi
450 1719 722 1787 scriptores
761 1718 979 1773 eandem
1018 1720 1268 1772 rationem
1306 1718 1633 1772 statuendam
1669 1736 1781 1772 esse
1817 1719 2064 1785 docuerit,

225 1800 564 1856 confidentius
604 1821 752 1872 quam
794 1822 928 1857 nunc
974 1804 1038 1858 de
1083 1805 1360 1857 formarum
1401 1805 1480 1854 ἐὰν
1520 1813 1570 1858 et
1607 1807 1664 1873 ἦν
1705 1822 1795 1857 usu
1835 1804 2064 1856 iudicare

217 1889 518 1957 poterimus.
596 1889 698 1942 Sed
735 1897 791 1943 ut
828 1891 1051 1943 numeris
1091 1908 1258 1943 meam
1290 1892 1596 1943 sententiam
1627 1892 1904 1955 stabiliam,
1935 1890 2065 1943 duas

217 1973 414 2042 priores
451 1974 668 2041 fabulaS‚
696 1975 1056 2028 Acharnenses
1085 1981 1135 2028 et
1162 1975 1372 2043 Equites
1400 1980 1464 2041 (a.
1494 1978 1596 2027 425
1633 1985 1684 2029 et
1719 1979 1822 2027 424
1856 1993 1899 2028 a.
1932 1975 1986 2028 C.
2016 1994 2063 2027 n.

219 2059 389 2126 actas)
418 2075 534 2112 cum
560 2059 768 2126 ultimiS‚
797 2059 1167 2114 Ecclesiazusis
1196 2068 1246 2113 et
1273 2060 1420 2114 Pluto
1450 2062 1607 2128 (anno
1636 2063 1753 2127 389,
1783 2060 2064 2114 secundum

221 2142 506 2211 Goetzium,
554 2151 604 2197 et
651 2162 699 2197 a.
738 2146 838 2196 388
885 2146 1055 2211 actas)
1114 2146 1443 2214 comparabo
1536 2145 1592 2198 In
1648 2146 2067 2199 Acharnensibus

221 2229 301 2280 ἐάν
339 2247 432 2283 sex
467 2230 595 2283 locis
645 2230 883 2297 habetur,
921 2231 1086 2284 forma
1123 2233 1180 2299 ἤν
1220 2233 1442 2299 quinque
1481 2232 1627 2284 locis‚
1703 2231 1759 2284 In
1799 2231 2067 2299 Equitibus

221 2333 462 2370 numerus
503 2317 880 2371 enuntiatorum
919 2318 982 2371 ab
1022 2318 1101 2368 ἐὰν
1141 2325 1191 2371 et
1227 2317 1287 2385 ἢν
1328 2318 1684 2387 incipientium
1727 2318 1886 2370 altero
1926 2324 2067 2370 tanto

222 2403 386 2455 maior
406 2409 500 2469 est,
521 2401 614 2455 sed
635 2419 810 2456 eorum
839 2404 967 2456 ratio
995 2405 1253 2457 contraria
1279 2410 1360 2457 est
1381 2411 1532 2472 atque
1554 2405 1606 2456 in
1629 2403 2067 2470 AcharnensibuS,

222 2487 404 2541 decem
429 2488 557 2542 locis
585 2489 680 2550 ἐάν,
711 2488 981 2543 duodecim
1020 2492 1078 2559 ἤν
1116 2490 1350 2543 traditur.
1414 2489 1633 2543 Formae
1672 2492 1729 2559 ἦν
1770 2508 1888 2543 usus
1915 2490 2068 2556 longe

223 2575 493 2643 praevalet
536 2576 591 2628 in
628 2574 999 2630 Ecclesiazusis
1044 2584 1100 2630 ut
1146 2595 1210 2630 ex
1257 2576 1598 2644 quadraginta
1644 2585 1879 2644 quattuor
1924 2577 2067 2643 lociS,

223 2658 421 2713 duobus
459 2666 659 2714 tantum
686 2661 766 2712 ἐάν
793 2679 824 2715 a
848 2667 1001 2731 poeta
1038 2662 1270 2715 adhibita
1296 2663 1376 2728 sit,
1405 2680 1517 2715 cum
1559 2680 1621 2715 ex
1657 2663 2066 2715 Acharnensium

222 2738 418 2798 ratione
455 2747 635 2814 viginti
674 2755 910 2817 quattuor
946 2748 1074 2801 locis
1114 2748 1193 2798 ἐάν
1220 2748 1354 2800 tradi
1382 2749 1777 2816 exspectaveris.
1836 2747 1892 2800 In
1922 2748 2067 2801 Pluto

223 2829 444 2899 denique
481 2833 630 2886 annis
669 2834 846 2901 viginti
884 2842 1002 2904 post
1039 2836 1259 2903 primam
1300 2835 1559 2887 actionem
1609 2841 1885 2887 retractata
1933 2834 2067 2902 quod

223 2914 404 2969 decem
447 2916 574 2971 locis
612 2918 708 2980 ἐάν,
758 2920 933 2986 viginti
978 2919 1178 2973 duobus
1225 2922 1282 2988 ἦν
1322 2921 1568 2988 scriptum
1618 2929 1710 2985 est,
1751 2937 1854 2973 non
1900 2921 2068 2973 minus

222 3001 290 3054 ad
326 3001 632 3058 firmandam
670 3010 901 3060 nostram
940 3007 1223 3075 opiniorem
1266 3007 1418 3073 valet,
1457 3008 1763 3075 praesertim
1811 3024 1924 3059 cum
1966 3023 2068 3060 non

221 3092 364 3141 recta
399 3089 482 3142 via
519 3091 769 3146 sermonis
807 3092 1003 3145 formae
1041 3091 1323 3145 admodum
1363 3108 1514 3161 pares
1554 3092 1960 3159 eliminentur.*)

362 3228 404 3284 *)
443 3230 573 3274 Haec
620 3233 899 3290 scripseram,
949 3246 1048 3276 cum
1087 3233 1339 3276 confirmari
1378 3247 1521 3276 meam
1569 3233 1838 3276 sententiam
1872 3233 2068 3276 viderem

222 3299 492 3354 tragicorum
523 3313 626 3354 usu;
676 3316 777 3345 nam
819 3302 936 3361 apud
973 3304 1173 3358 tragicos
1216 3315 1401 3358 graecos
1439 3304 1583 3347 variat
1623 3304 1854 3359 utriusque
1901 3304 2068 3347 formae

220 3382 328 3414 usus
348 3370 424 3423 ita,
445 3374 495 3413 ut
518 3372 636 3429 apud
656 3374 931 3430 Aeschylum
953 3374 1175 3431 particula
1196 3373 1279 3416 ε’άν
1299 3374 1571 3430 praevaleat,
1595 3375 1713 3431 apud
1737 3375 1994 3432 Euripidem
2016 3375 2070 3426 ἤν

221 3440 317 3483 sola
348 3441 437 3484 fere
468 3446 718 3498 usurpetur,
749 3445 865 3502 apud
890 3444 1157 3502 Sophoclem
1191 3449 1378 3502 utraque
1411 3446 1576 3489 formae
1601 3460 1743 3502 aeque
1767 3446 1972 3501 frequens
1995 3447 2065 3491 sit.
