2266 3722
999 175 1344 223 —27-

251 334 535 401 optativum
599 329 892 399 opinionem
950 329 1176 381 indicare
1234 328 1424 393 statuit,
1472 343 1568 395 quo
1616 326 1737 377 nihil
1785 328 2071 395 prolis-imus

252 417 435 469 Melius
475 414 854 467 Baeumleinius
892 414 942 464 in
981 413 1110 466 libro
1150 411 1214 464 de
1253 411 1419 464 modis
1460 412 1597 464 verbi
1646 413 1814 476 graeci
1857 414 1926 478 (p.
1967 413 2089 463 379]

253 503 328 554 sic
372 518 478 552 rem
524 498 806 567 expedivit:
855 497 1032 550 Indess
1092 499 1229 549 kann
1277 500 1332 546 ἄν
1381 498 1460 548 bei
1506 495 1623 547 dem
1672 494 1877 562 Optativ
1937 496 2092 545 solbst.

253 586 321 638 da
347 584 636 652 wegfallen,
665 599 743 636 wo
783 581 874 635 der
901 581 1170 648 Folgesatz
1209 583 1350 634 nicht
1376 566 1612 634 mit-dem
1643 578 2088 638 von-horm111onaelon

254 667 752 734 zusammengehort‚
780 667 950 719 sofern
990 684 1084 718 nur
1117 666 1234 720 dem
1262 666 1425 718 Horer
1446 664 1586 717 oder
1614 663 1765 714 Les-⁰1·
1807 673 2095 728 zugcmutvx,

253 754 463 807 werden
502 755 658 818 kann,
699 752 817 805 dass
864 751 966 803 ihm
1007 752 1099 803 das
1144 766 1602 817 vorangegangene
1641 750 1694 796 ἄν
1736 747 1862 798 noc-li
1906 764 2094 806 gogon-

257 841 441 906 wartig
478 840 558 891 ist.
637 837 896 890 Adiuvant
933 835 1064 888 hanc
1104 837 1498 905 explicationem
1541 853 1639 885 vss.
1683 832 1808 884 Nun».
1865 834 1949 882 {213

545 921 638 974 οὐδ’
663 923 717 973 ἄν
758 922 963 987 {lovain}
988 920 1080 970 οὐδ’
1105 920 1158 971 ἂν
1200 921 1442 986 σπείσαιμ’,
1467 917 1559 969 οὐδ’
1584 917 1786 983 ἐπιθείην
1825 917 2093 983 'Aesimum-„dm

257 1018 307 1063 et
348 1009 473 1062 Ran.
515 1013 632 1062 572.
676 1010 741 1066 ὡς
780 1011 931 1077 ἡδέως
970 1011 1023 1057 ἀν
1065 1027 1145 1058 σου
1184 1009 1307 1076 λίθῳ
1347 1007 1452 1063 τοὺς
1490 1008 1708 1074 γομφίους

702 1095 906 1161 κοπτοιμ’
931 1098 986 1143 αν

399 1183 558 1252 Caup.
599 1182 656 1234 Il.
696 1183 786 1249 ἐγὼ
825 1184 874 1232 δέ
913 1180 951 1248 γ’
976 1183 1023 1236 ἐς
1062 1182 1111 1230 τὸ
1152 1181 1386 1250 βαραθρον
1426 1179 1670 1245 ἐμβάλοιμί
1710 1195 1775 1225 πε.

399 1270 535 1322 Inter
583 1271 750 1322 varias
796 1268 1037 1337 apodosis·
1077 1268 1264 1319 formas
1303 1267 1489 1317 frustra
1527 1263 1661 1332 apud
1707 1260 2099 1327 Aristophanem

259 1355 522 1407 indicativi
573 1357 863 1424 praesentis
904 1354 979 1404 vel
1033 1353 1181 1403 futuri
1239 1350 1530 1418 exemplum
1581 1348 1825 1414 requiras.
1905 1344 2105 1394 Possint

261 1441 359 1493 huc
396 1441 594 1493 referri:

261 1526 379 1596 LyS.
423 1544 490 1578 VS.
536 1528 685 1576 1111.
727 1524 837 1574 ἀλλ’
862 1525 962 1594 οὐχὶ
999 1524 1205 1593 χαλεπὸν
1246 1522 1446 1590 τοῦργον,
1488 1521 1526 1569 εἷ.
1563 1517 1698 1584 λάβοι
1736 1519 1784 1582 γε’
1824 1534 1886 1570 τις

731 1616 971 1683 ὀργῶντας
1011 1610 1243 1677 ἀλλήλων)
1282 1626 1330 1657 τε
1371 1607 1436 1674 μὴ
1469 1606 1836 1675 ’κπειρ(ι)με’νου;.
2057 1604 2110 1648 et

260 1700 400 1754 Eccl.
443 1719 514 1753 VS.
555 1701 670 1751 646.
730 1699 846 1750 πολὺ
895 1701 1045 1765 μέντοι
1092 1699 1339 1765 δεινότερον
1387 1696 1546 1743 τούτου
1585 1699 1663 1741 τοῦ
1704 1692 1970 1759 πράγματος
2019 1686 2111 1733 ἐστι

1349 1781 1488 1848 Blep.
1536 1780 1586 1829 τὸ
1626 1785 1775 1838 ποῖονς

535 1875 684 1928 Prax.
709 1876 746 1925 εἴ
768 1893 818 1924 σε
842 1875 1077 1944 φιλήσειεν
1093 1870 1404 1941 Ἀριστύλλος
1426 1872 1619 1937 φάσκων
1642 1865 1781 1916 αὐτοῦ
1803 1861 1957 1930 πατέρ’
1985 1859 2110 1908 εἶναι.

536 1962 680 2032 Blep.
723 1964 918 2029 οἰμώζοι
955 1961 995 2028 γ’
1021 1959 1074 2010 οἶν
1114 1959 1189 2009 καὶ.
1229 1957 1409 2006 κωκύοι.

266 2050 369 2104 Sed
426 2052 477 2102 in
534 2051 637 2103 illis
695 2050 924 2102 versibus
982 2046 1290 2099 adiectivum
1349 2040 1697 2111 praedicative
1753 2038 1873 2106 poni
1932 2035 2116 2087 melius

264 2137 519 2202 statuitur,
545 2135 630 2188 hic
658 2136 846 2204 quippe
875 2150 989 2185 cum
1018 2131 1180 2184 oratio
1208 2129 1623 2195 interrumpatur,
1662 2123 1926 2189 utriusque
1954 2137 2117 2172 enun-

265 2223 380 2276 tiati
420 2220 794 2275 condicionalis
832 2218 1048 2271 membri
1076 2215 1254 2268 relatio
1295 2229 1395 2266 non
1424 2210 1605 2264 eadem
1647 2215 1723 2262 est
1760 2216 1910 2274 atque
1950 2206 1991 2257 si
2019 2220 2118 2256 uno

265 2314 445 2361 tenore
505 2307 664 2360 verba
730 2303 1198 2375 pronuntiarentur.
1278 2296 1607 2351 Recentiores
1671 2291 1918 2356 editores,
1983 2287 2117 2357 quod

268 2393 522 2463 Blepyrus
561 2410 633 2446 vs.
676 2392 779 2443 644
804 2393 842 2441 εἰ
865 2389 915 2440 δὲ
949 2385 1222 2460 προςελθὼν
1251 2386 1502 2454 Επίκουρος
1540 2383 1571 2449 ἢ
1601 2379 1911 2447 Λευκολόφας
1935 2381 2120 2426 πάππαν

269 2501 327 2549 με
361 2483 511 2544 καλεῖ,
538 2478 661 2532 τοῦτ’
687 2482 782 2548 ἤδη
821 2478 962 2530 δεινὸν
990 2479 1181 2527 ἀκοῦσαι
1207 2473 1348 2536 dicit,
1384 2478 1438 2523 ut
1465 2468 1647 2522 eadem
1677 2472 1810 2518 esset
1838 2462 2122 2532 particulae

269 2572 309 2622 εἰ
353 2564 665 2624 constructio
714 2585 786 2620 vs.
835 2567 933 2617 647
982 2565 1088 2617 sive
1134 2563 1319 2632 φιλήσει
1352 2579 1417 2615 τις
1464 2559 1570 2612 sive
1615 2555 1801 2624 φιλήσει
1848 2553 1881 2601 κ’
1933 2565 2122 2619 propo—

270 2664 496 2713 suerunt.
572 2655 891 2723 Quamquam
924 2655 1135 2720 recepta
1172 2649 1268 2701 hac
1295 2647 1590 2700 coniectura
1624 2639 1866 2710 apodosis
1893 2644 2123 2705 tempore

270 2743 533 2814 praesenti
570 2742 773 2812 positae
819 2736 1114 2806 exemplum
1154 2750 1257 2787 non
1303 2735 1407 2785 iam
1446 2728 1710 2798 reperitur,
1760 2732 1932 2776 tamen
1981 2738 2124 2774 scru-

271 2829 450 2900 pulum
498 2827 622 2880 mihi
672 2826 890 2878 iniciunt
936 2837 1065 2890 quae
1111 2822 1394 2887 sequuntur
1438 2814 1618 2867 verba:
1675 2810 1870 2877 οἰμώζοι
1915 2806 2011 2874 γ’ἄν
2052 2806 2127 2855 καὶ

272 2918 457 2982 κωκύοι,
498 2932 629 2984 quae
667 2921 720 2966 et
756 2913 871 2981 ipsa
908 2908 1149 2983 apodosis
1188 2907 1302 2958 loco
1343 2902 1507 2956 versui
1549 2895 1879 2969 praecedenti
1925 2893 2129 2946 adiecta

275 3015 410 3058 sunt.
1535 3001 1546 3013 ·

419 3087 731 3142 Accedimus
789 3084 856 3137 ad
914 3098 1098 3135 novam
1147 3079 1295 3131 huius
1351 3073 1555 3142 generis
1601 3069 1827 3139 speciem
1886 3081 2016 3134 quae
2062 3062 2128 3116 ad

278 3173 645 3245 exprimendas
675 3171 904 3225 actiones
932 3169 1140 3220 iteratas
1168 3163 1456 3226 adhibetur,
1488 3174 1600 3212 eam
1643 3154 1855 3218 scilicet,
1895 3151 2039 3203 cuius
2078 3150 2130 3200 in

278 3259 497 3330 apodosi
542 3266 745 3327 tempus
792 3254 1089 3308 historicum
1136 3251 1242 3303 sive
1290 3246 1484 3300 nudum
1541 3243 1649 3296 sive
1705 3255 1821 3292 cum
1877 3234 2133 3306 particula

279 3350 335 3398 ἄν
381 3345 733 3400 consociatum
780 3345 1078 3408 usurpatum
1136 3341 1232 3388 est.
1318 3334 1484 3399 Atque
1540 3328 1759 3397 primum
1806 3321 2011 3390 quidem
2069 3337 2134 3373 ea

280 3433 549 3493 enuntiata
586 3426 1010 3495 contemplemur.
1039 3438 1169 3489 quae
1208 3417 1562 3487 imperfectum
1591 3413 1639 3464 in
1681 3408 1896 3479 apodosi
1926 3407 2130 3460 habent.
