2266 3722
929 144 1239 193 ..3-

155 292 377 361 primam
415 294 703 361 praesentis
730 310 1004 362 personam
1034 313 1099 351 ex
1136 301 1366 354 secunda
1402 301 1747 370 supplendam
1787 321 1903 358 esse
1927 306 2005 359 in:

155 380 249 450 Eq.
277 397 350 433 vS.
378 380 479 430 315
519 377 556 427 εἰ
594 377 643 427 δὲ
682 380 749 446 μὴ
790 380 844 429 σύ
882 378 922 447 γ’
948 382 1087 433 οἶσθα
1126 384 1338 452 κάττυμ’,
1379 385 1473 438 οὐδ’
1505 386 1596 455 ἐγὼ
1623 390 1918 459 χορδεύματα
1956 398 2008 444 et

157 466 232 520 Pl.
261 483 336 519 VS.
363 466 465 517 396
494 464 609 517 Chr.
651 464 707 532 νὴ
748 466 823 515 τὸν
851 466 1077 519 Ποσειδῶ.
1138 468 1215 521 Bl.
1255 472 1334 521 τὸν
1372 473 1625 525 θαλάττιον
1664 475 1836 543 λέγειςς

497 551 614 604 Chr.
655 552 693 600 εἰ
731 550 894 603 δ’ἔστιν
934 555 1090 626 ἕτερός
1127 575 1193 613 τις
1230 558 1485 621 Ποσειδὼν,
1527 562 1605 611 τὸν
1645 563 1814 633 ἕτερον.

151 652 356 722 Duplex
411 652 653 720 protasiS‚
713 653 855 706 cuius
913 657 1042 708 ratio
1100 658 1284 713 melius
1347 677 1462 717 cum
1526 663 1710 715 ceteris
1773 663 2005 717 eiusdem

151 738 355 804 generis
393 736 571 788 formis
610 735 945 805 disceptatur,
986 748 1156 794 exstat
1192 743 1246 795 in
2035 815 2039 817 ,

149 825 244 878 AV.
272 841 344 877 vs.
374 823 474 872 757
515 822 553 872 εἰ
590 823 675 892 γάρ
716 821 875 873 ἐνθάδ’
917 825 1036 874 ἐστὶν
1078 829 1266 898 αἰσχρὸν
1307 831 1383 879 τὸν
1421 833 1601 902 πατέρα
1638 833 1815 883 τύπτειν
1854 837 2002 905 νόμῳ,

507 906 630 958 τοῦτ’
671 909 762 958 ἐκεῖ
800 911 946 960 καλὸν
985 911 1092 983 παρ’
1131 915 1240 981 ἡμῖν
1281 916 1415 977 ἐστιν,
1457 919 1515 985 ἤν
1553 937 1618 975 τις
1657 924 1724 989 τῷ
1761 922 1897 991 πατρὶ

507 994 814 1065 προςὸραμὼν
855 998 959 1064 εἴπῃ
999 992 1226 1062 πατάξας,
1269 1004 1366 1073 αἶρε
1391 1005 1649 1075 πλῆκτρον,
1690 1009 1729 1056 εἰ
1754 1014 1908 1078 μαχεῖ.
1953 1016 2005 1060 et

146 1079 348 1134 TheSm.
393 1098 462 1134 vS.
503 1082 605 1132 789
652 1083 690 1132 εἰ
737 1088 879 1134 κακόν
925 1086 1081 1152 ἐσμεν,
1122 1090 1162 1138 τί
1208 1089 1393 1157 γαμεῖθ’
1441 1091 1583 1158 ὑμεῖς,
1631 1094 1755 1165 εἴπερ
1802 1096 2005 1164 ἀληθῶς

1247 1180 1389 1227 κακόν
1429 1179 1592 1245 ἐσμεν;

141 1265 222 1319 Ex
278 1267 515 1320 omnibus
590 1271 970 1324 enuntiatorum
1046 1275 1480 1330 condicionalium
1555 1282 1831 1346 generibus
1904 1284 2004 1338 hoc

140 1351 402 1405 levissime
441 1352 659 1405 alteram
699 1358 1009 1409 sententiam
1038 1359 1102 1412 ab
1130 1361 1294 1414 altera
1318 1364 1549 1432 pendere
1581 1365 1802 1432 legentis
1829 1370 2002 1423 animo

141 1437 401 1491 subicitur.
461 1436 569 1499 Quo
608 1438 680 1504 fit,
720 1445 776 1491 ut
815 1440 1188 1498 condicionalis
1227 1449 1513 1515 particulae
1553 1451 1591 1501 εἰ
1629 1452 1704 1504 vis
1741 1453 2001 1507 interdum

137 1523 193 1575 in
234 1523 455 1576 causalis
494 1524 781 1591 particulae
818 1527 1083 1580 notionem
1122 1529 1228 1582 fere
1278 1533 1447 1600 abeat,
1487 1536 1628 1589 velut
1675 1538 1728 1589 in
1767 1537 2001 1594 Nubibus

145 1608 440 1677 Amyniam,
487 1618 762 1677 postquam
808 1627 978 1663 rerum
1038 1615 1340 1669 caelestium
1396 1621 1632 1674 notitiam
1693 1624 1791 1677 sibi
1847 1642 2001 1680 curae

137 1710 240 1747 non
280 1710 393 1746 esse
434 1693 731 1762 declaravit,
773 1695 1098 1766 Strepsiades
1136 1701 1415 1768 indignans
1453 1705 1751 1775 alloquitur:

339 1796 412 1834 VS.
456 1780 590 1830 1283
629 1787 728 1838 πῶς
767 1782 844 1833 οὖν
885 1785 1135 1853 ἀπολαβεῖν
1175 1789 1427 1860 τάργύριον
1467 1793 1637 1851 δίκαιος
1677 1796 1730 1857 εἶ,

633 1870 671 1918 εἰ
710 1869 853 1937 μηδὲν
895 1872 1034 1922 οἶσθα
1072 1880 1164 1924 τῶν
1205 1879 1454 1948 μετεώρων
1492 1887 1799 1954 ‘apamia-tom

134 1966 315 2036 Neque
342 1969 491 2021 aliter
518 1969 764 2038 explicari
794 1978 987 2040 potest,
1016 1974 1153 2041 quod
1180 1978 1217 2026 εἰ
1242 1994 1334 2045 pro
1364 1981 1427 2030 ὅτι
1461 1984 1688 2050 positum
1717 1983 1920 2037 videtur
1943 1987 1997 2039 in

131 2053 347 2107 Ran.VS.
366 2055 516 2106 1006.
529 2057 765 2123 θυμοῦμαι
783 2057 865 2124 μὲν
883 2062 948 2126 τῇ
967 2051 1184 2131 Ξυντυχίᾳ
1201 2066 1275 2113 καί
1297 2086 1383 2131 μου
1403 2069 1462 2117 τά
1486 2069 1716 2139 σπλάγχν’
1732 2072 1993 2138 ἀγανακτεῖ,

543 2144 581 2193 εἰ
620 2145 732 2215 πρὸς
771 2152 931 2196 τοῦτον
970 2149 1033 2198 δεῖ
1074 2148 1387 2220 μ’άντιλέγειν.

129 2226 162 2277 i.
204 2242 247 2278 e.
284 2226 489 2282 'fervent
526 2229 650 2281 mihi
691 2231 792 2283 bile
836 2233 1033 2286 viscera
1079 2237 1214 2303 quod
1259 2240 1385 2292 mihi
1424 2249 1602 2310 contra
1639 2243 1775 2296 hunc
1814 2244 1991 2314 dispu—

129 2310 345 2363 tandum
408 2315 517 2366 erit.
611 2315 815 2368 Certam
881 2319 955 2370 rei
1018 2321 1289 2375 cuiusdam
1347 2341 1559 2378 causam
1623 2327 1721 2381 hac
1784 2329 1991 2383 dicendi

126 2395 348 2449 formula
386 2399 634 2452 incertam
675 2400 911 2454 reddunt.
990 2402 1105 2458 Non
1144 2425 1246 2461 uno
1291 2411 1501 2463 nomine
1547 2415 1990 2468 commemorandi

127 2488 247 2534 sunt
282 2481 418 2536 Pluti

297 2587 370 2624 VS.
399 2573 502 2622 329
530 2589 666 2640 sqq:
707 2573 849 2623 δεινὸν
888 2576 991 2645 γάρ,
1035 2578 1072 2626 εἰ
1110 2578 1366 2648 τριωβόλου
1407 2581 1489 2649 μὲν
1531 2583 1697 2634 οὔνεκα

704 2660 1022 2729 ὠστιζομεσθῖ
1064 2664 1276 2716 ἑκάστοτ’
1317 2668 1364 2717 ἐν
1403 2671 1686 2739 τήκκλησίᾳ,

702 2747 839 2798 αὐτὸν
880 2749 929 2799 δὲ
968 2751 1044 2800 τὸν
1085 2751 1300 2803 Πλοῦτον
1341 2759 1532 2827 παρείην
1571 2776 1636 2828 τῳ
1677 2759 1853 2827 λαβεῖν.

121 2843 366 2898 Diversos
422 2846 604 2901 modos
661 2851 829 2903 iunxit
882 2852 1277 2922 AristophaneS,
1341 2861 1583 2925 quoniam
1646 2861 1714 2914 ad
1777 2862 1982 2918 diversa

120 2936 356 2999 tempora
393 2939 652 3000 spectant3
694 2936 914 2989 alterum
953 2940 1087 2990 enim
1120 2940 1469 3009 (ὠστίςεσθαι),
1498 2951 1553 2998 ut
1590 2948 1692 2999 iam
1719 2947 1978 3003 Porsonus

121 3017 323 3068 monuit
368 3017 436 3069 ad
486 3017 747 3088 Euripidis
787 3021 981 3075 Phoen.
1022 3043 1096 3078 vs.
1138 3028 1238 3094 91„
1295 3047 1476 3083 revera
1525 3033 1756 3101 quotidie
1805 3033 1977 3101 fiebat,

120 3099 337 3154 alterum
365 3121 484 3158 vero
525 3109 750 3176 (παριέναι
789 3108 865 3157 τὸν
907 3108 1144 3176 Πλοῦτον)
1195 3129 1258 3164 ex
1306 3114 1462 3168 futuri
1502 3119 1750 3185 temporis
1790 3125 1976 3172 eventu

117 3184 394 3253 pendebat.
468 3189 647 3260 Itaque
686 3195 736 3246 in
776 3197 947 3262 priore
987 3199 1219 3252 membro
1259 3202 1298 3250 εἰ
1333 3201 1472 3254 idem
1519 3204 1776 3269 significat
1822 3213 1976 3274 atque

117 3273 197 3322 ὅτι.
275 3271 421 3334 Quod
478 3277 721 3346 apodosis
779 3280 844 3332 ad
902 3284 1148 3349 protasim
1209 3288 1438 3355 optativo
1497 3297 1804 3358 conceptam
1861 3292 1971 3346 solo

116 3358 371 3414 adiectivo
419 3365 726 3433 continetur,
776 3367 918 3420 cuius
966 3368 1199 3434 legitima
1245 3373 1412 3425 forma
1458 3382 1568 3427 erat
1610 3377 1751 3426 δεινὸν
1799 3381 1853 3429 ἂν
1899 3380 1971 3450 εἴη

1663 3459 1718 3504 l&-
