2266 3722
1038 139 1386 188 -22-

290 302 561 354 ‹livet-sitas
610 300 748 351 nulla
787 297 1155 348 sententiarum
1205 293 1450 344 varietate
1498 290 1635 341 facta
1682 300 1905 341 maneat.
1968 287 2146 356 Neque

290 385 556 439 Schmidtii
596 400 760 451 neque
798 382 1107 433 Batavorum
1144 394 1370 430 errorem
1409 375 1680 428 refutando
1718 385 1923 443 tempus
1964 381 2146 439 teram,

292 490 404 524 curu
472 470 585 522 aliis
649 465 857 519 dicendi
921 465 1099 517 formis
1163 463 1292 514 haec
1363 462 1677 513 constructio
1742 461 1931 512 firmari
1996 466 2149 527 atque

291 558 506 610 stabiliri
549 556 725 623 possit.
803 551 1030 603 Primum
1075 550 1212 602 enirn
1252 564 1539 616 pronomen
1581 545 1849 597 relativum
1879 563 1994 597 cum
2025 562 2149 597 con-

293 643 514 695 iunctivo
572 641 800 691 iunctum
860 636 1162 705 plerumque
1218 632 1525 702 particulam
1585 635 1640 681 ἀν
1704 630 1940 696 adscivit,
2006 631 2150 682 cuius

293 731 515 781 omissae
581 724 864 795 particulae
931 729 1174 790 quattuor
1238 719 1376 789 apud
1444 717 1845 786 Aristophanem
1911 717 2153 786 exempla

300 815 646 865 inveniuntur:
688 811 781 862 Ar.
824 810 941 859 928.
1023 807 1139 876 Lys.
1195 824 1265 858 vs.
1316 806 1448 856 1201
1503 803 1615 868 (ubi
1665 803 1813 869 vulgo
1873 820 1934 855 ex
1983 802 2152 855 Bothii

294 900 591 951 coniectura
628 895 752 965 χᾶττ’
798 898 852 944 ἀν
892 893 1100 959 legitur)
1129 891 1268 943 Eccl.
1298 909 1367 942 rs.
1400 890 1499 939 687
1542 887 1598 940 R.
1629 905 1701 939 vs.
1734 888 1884 938 1163.
1952 886 2154 940 Deinde

298 987 408 1055 plus
457 984 617 1036 semel
664 984 762 1053 πρίν
812 1000 854 1033 c.
906 979 1232 1031 coniunctivo
1291 977 1354 1028 ab
1403 973 1753 1042 Aristophane
1813 992 1902 1043 pro
1961 974 2153 1027 usitato

298 1075 395 1144 πρὶν
437 1076 492 1122 ἀν
534 1091 574 1123 c.
619 1069 943 1121 coniunctivo
985 1072 1272 1133 usurpatur,
1315 1062 1380 1114 de
1420 1079 1518 1130 quo
1559 1060 1674 1112 vide
1716 1061 1895 1114 Kockii
1939 1060 2203 1114 adnota--
2265 1114 2266 1118 ,

297 1163 487 1213 tionem
538 1158 603 1209 ad
653 1156 777 1207 Rau.
832 1173 901 1205 rs.
946 1153 1096 1202 1281.
1175 1149 1418 1202 Omnium
1470 1149 1649 1200 harum
1700 1149 1981 1201 formarum
2029 1149 2158 1201 ratio

301 1263 511 1315 prorsus
552 1241 734 1294 eadem
777 1251 849 1291 est
892 1255 1058 1305 neque
1099 1236 1270 1288 inritis
1317 1235 1462 1287 libris
1503 1235 1869 1303 manuscriptis
1909 1241 1984 1286 tot
2020 1234 2162 1287 locos

298 1331 551 1391 corrigere
599 1328 720 1378 licet
769 1342 868 1376 non
918 1323 1083 1376 solum
1133 1320 1496 1390 Aristophanis
1543 1320 1635 1372 sed
1695 1321 1849 1372 etiam
1897 1319 2161 1389 Aeschyli,

300 1393 589 1484 Sophoclis,
632 1409 891 1479 Euripidis
931 1409 1031 1461 nisi
1072 1409 1117 1459 ei
1159 1407 1242 1474 qui
1283 1415 1333 1458 et
1372 1406 1558 1458 rationi
1605 1421 1763 1457 sanae
1811 1413 1861 1457 et
1907 1406 2160 1458 sermonis

298 1502 467 1569 graeci
512 1509 724 1550 naturae
754 1495 1000 1561 refragari
1031 1493 1414 1546 coniunctivum
1444 1493 1637 1544 omissa
1664 1493 1920 1561 particula
1946 1492 2162 1545 demon-

301 1587 554 1640 straverit.
632 1583 761 1635 Cum
808 1581 942 1633 hanc
994 1579 1491 1632 demonstrationem
1551 1594 1653 1630 non
1709 1577 1945 1644 viderim,
2004 1578 2163 1631 satius

301 1684 392 1737 esu
442 1670 677 1723 codicum
727 1667 1086 1720 auctoritatem
1132 1665 1277 1732 sequi
1323 1680 1476 1732 quam
1527 1664 1806 1733 scriptores
1864 1663 1930 1716 ad
1986 1665 2162 1718 fictam

302 1757 505 1811 dicendi
573 1770 806 1807 normam
865 1767 1100 1821 purgare.
1177 1749 1303 1802 Inde
1360 1750 1424 1801 ab
1483 1747 1695 1802 Homeri
1759 1756 1930 1802 aetate
1992 1749 2163 1802 nudae

302 1843 586 1914 particulae
647 1842 683 1891 εἰ
738 1856 857 1891 cum
919 1837 1246 1890 coniunctivo
1314 1835 1589 1904 copulatae
1653 1852 1777 1888 usus
1843 1836 2006 1889 rarior
2069 1842 2165 1903 est,

302 1934 490 2000 quippe
542 1947 657 1982 cum
698 1929 777 1978 ἐάν
825 1927 933 1978 eius
982 1926 1154 1978 locum
1194 1923 1465 1987 obtineret,
1514 1921 1607 1975 sed
1647 1930 1951 1975 senescente
1989 1923 2169 1991 lingua

302 2019 516 2073 Graeca,
559 2016 957 2085 Byzantinorum
1001 2020 1187 2065 aetate,
1230 2010 1357 2062 haec
1399 2011 1713 2063 constructio
1754 2011 1803 2061 in
1845 2010 2162 2063 cotidianum

310 2123 453 2156 usum
497 2103 634 2155 abiit.

360 2303 426 2364 ll.
496 2300 819 2363 Enuntiata
867 2296 1319 2369 condirioualiu,
1368 2315 1519 2377 quar
1567 2313 1604 2360 εἰ
1646 2297 1949 2378 particula
1995 2316 2125 2362 cum

736 2398 1000 2479 optativo
1049 2397 1329 2478 copulata
1374 2399 1727 2460 formantur.

449 2543 626 2594 Solent
687 2541 1012 2607 grammatici
1075 2546 1192 2607 post
1256 2540 1518 2591 enuntiata
1587 2538 1982 2605 condicionalia,
2040 2557 2172 2608 quae

309 2628 559 2695 particula
599 2630 635 2677 εἰ
674 2644 791 2678 cum
828 2625 1107 2677 indicativo
1148 2626 1322 2676 iuncta
1359 2623 1773 2688 introducuntur,
1813 2632 2043 2679 tractare
2092 2643 2171 2694 ea,

312 2732 439 2782 quae
480 2732 510 2765 a
548 2714 835 2782 composita
862 2712 1115 2781 particula
1153 2713 1232 2763 ἐὰν
1263 2714 1328 2778 (εἰ
1355 2714 1432 2779 ἀν)
1461 2714 1535 2781 ἦν,
1565 2715 1649 2762 κάν
1678 2713 1952 2782 incipiunt3
1983 2712 2172 2766 deinde

315 2800 527 2852 redeunt
573 2800 639 2852 ad
678 2802 715 2850 εἰ
754 2801 1059 2869 particulam
1100 2817 1214 2852 cum
1256 2801 1486 2869 optativo
1528 2801 1769 2853 iunctam.
1849 2799 1952 2852 Sed
1991 2817 2172 2868 quam-

314 2904 464 2954 quam
514 2887 777 2940 modorum
829 2886 1098 2940 diversitas
1157 2889 1370 2940 maximi
1418 2888 1666 2940 momenti
1725 2886 1791 2938 ad
1851 2887 2175 2940 secernenda

315 2973 693 3025 enuntiatorum
742 2990 934 3039 genera
981 2982 1072 3039 est,
1118 2983 1311 3037 tamen,
1353 2990 1469 3026 cum
1510 2980 1560 3025 et
1607 2973 1792 3040 origini
1832 2974 2069 3043 proprius
2109 2974 2176 3027 sit

316 3057 410 3109 hoc
449 3075 610 3124 genus
651 3060 1032 3111 enuntiatorum
1074 3059 1507 3112 condicionalium
1550 3059 1776 3127 optativo
1815 3060 2095 3127 positorum
2124 3066 2177 3112 et

317 3143 565 3211 simplicis
614 3144 895 3210 particulae
942 3147 980 3194 εἰ
1024 3152 1143 3197 ante
1191 3147 1508 3214 compositae
1557 3161 1702 3196 usum
1755 3151 1979 3197 tractare
2034 3145 2172 3198 haud

318 3229 545 3297 ineptum
585 3229 833 3295 videatur,
874 3232 1134 3284 inversum
1174 3232 1406 3285 ordinem
1448 3232 1785 3285 servabimus.

460 3313 699 3382 Optativo
740 3317 1092 3381 significantur
1131 3334 1208 3382 ea,
1238 3335 1367 3385 quae
1408 3318 1520 3370 sola
1559 3323 1732 3369 mente
1773 3324 1824 3368 et
1858 3318 2174 3385 cogitatione

321 3398 428 3450 eius
458 3401 540 3465 qui
568 3400 791 3467 loquitur
819 3403 1158 3454 continentur.
1184 3420 1347 3470 neque
1377 3421 1491 3455 cum
1526 3402 1780 3471 particula
1805 3404 1844 3454 εἰ
1870 3404 2174 3461 coniunctus
