2266 3722
899 142 1242 191 ..13-

146 311 266 348 vero
294 295 457 349 solum
483 297 536 347 in
563 297 879 364 temporibus
906 297 1162 365 primariis
1189 295 1282 349 sed
1309 297 1464 349 etiam
1490 297 1542 348 in
1571 298 1890 351 secundariis
1917 298 1998 350 vel

145 379 402 434 historicis
430 380 566 433 idem
597 380 1007 434 animadvertere
1036 382 1175 434 licet.
1233 380 1370 434 Inter
1407 381 1499 434 has
1539 381 1667 435 duas
1705 389 1995 452 temporum

146 465 340 518 classes
386 465 612 517 medium
652 467 1009 534 interpositum
1059 474 1138 519 est
1174 473 1378 534 tempus
1417 467 1718 535 perfectum,
1767 485 1864 536 quo
1904 485 1996 536 ap-

144 551 341 603 tissime
393 550 670 602 transimus
717 550 783 602 ad
837 550 1238 619 contemplanda
1283 567 1346 602 ea
1391 553 1768 605 enuntiatorum
1817 553 1996 606 condi-

146 634 420 687 cionalium
467 650 675 700 genera,
721 635 774 686 in
813 636 993 702 quibus
1040 631 1345 704 particulam
1385 637 1422 686 εἰ
1471 637 1576 688 sive
1624 639 1842 691 aoristus
1889 638 1996 691 sive

142 718 500 788 imperfectum
540 719 780 786 sequitur.
1440 707 1445 713 ’

282 803 451 871 Atque
488 804 711 872 primum
752 802 957 871 quidem
999 803 1211 871 perfecti
1250 822 1371 858 usus
1409 807 1462 857 in
1502 808 1778 860 enuntiatis
1818 807 1996 859 condi-

143 888 429 941 cionalibus
477 905 620 941 rarus
659 895 749 941 est.
827 887 981 941 Cuius
1017 890 1091 941 rei
1130 905 1338 942 causam
1379 893 1421 943 si
1462 893 1571 959 quis
1596 893 1996 958 investigaverit,

142 990 296 1026 unam
337 974 558 1043 positam
598 990 712 1027 esse
749 974 979 1027 inveniet
1016 976 1069 1026 in
1108 976 1282 1028 aoristi
1330 980 1383 1028 et
1422 977 1637 1045 perfecti
1681 977 1998 1030 multimodis

140 1060 253 1128 pari
309 1058 702 1125 significatione,
759 1076 860 1126 qua
912 1060 1130 1112 aoristus
1188 1059 1403 1129 perfecti
1450 1063 1744 1130 provinciae
1794 1070 1996 1130 partem

142 1145 431 1212 occupavit,
472 1144 690 1197 alteram
740 1161 803 1196 ex
851 1143 1169 1197 condicionis
1218 1147 1264 1197 vi
1305 1154 1461 1214 petet,
1508 1162 1609 1214 qua
1647 1147 1881 1200 homines
1933 1148 1997 1200 de

142 1230 295 1282 rebus
344 1229 564 1298 peractis
603 1229 766 1281 rarius
806 1235 1015 1280 utuntur
1054 1246 1206 1297 quam
1246 1230 1310 1283 de
1349 1232 1500 1284 rebus
1540 1231 1771 1298 agendis.
1819 1231 1996 1300 Itaque

141 1331 207 1366 ne
234 1314 410 1366 aoristi
438 1313 645 1381 quidem
673 1344 738 1350 -—-
772 1313 1042 1366 indicativi
1070 1314 1203 1381 dico,
1232 1332 1352 1367 nam
1381 1318 1537 1369 ceteri
1565 1316 1705 1370 modi
1733 1320 1995 1386 praeteriti

141 1400 403 1452 notionem
450 1400 758 1468 saepissime
816 1399 1115 1452 abiecerunt
1160 1431 1227 1436 —
1273 1409 1324 1453 et
1377 1402 1666 1470 imperfecti
1704 1420 1825 1455 usus
1873 1420 1997 1472 prae

141 1485 429 1553 praesentis
469 1490 519 1536 et
555 1485 712 1537 futuri
751 1484 990 1552 frequens
1031 1498 1122 1539 est.
1198 1485 1255 1537 In
1296 1486 1512 1555 apodosi
1540 1487 1722 1540 horum
1761 1489 1997 1541 enuntia-

139 1575 306 1622 torum
346 1569 658 1622 indicativus
698 1574 748 1622 et
786 1572 1077 1638 praesentis
1116 1571 1431 1639 perhibetur,
1471 1572 1609 1624 velut

562 1655 619 1707 R.
650 1672 721 1708 VS.
755 1656 868 1706 190.
981 1657 1146 1707 δοῦλον
1186 1657 1267 1707 οὐκ
1306 1660 1403 1725 ἄγω

646 1745 684 1793 εἰ
722 1742 788 1810 μὴ
826 1749 1152 1814 νεναυμάχηκε
1190 1745 1274 1813 τὴν
1314 1746 1414 1816 περὶ
1450 1751 1541 1795 τῶν
1581 1752 1744 1817 κρεῶν.

140 1835 191 1882 et
216 1829 386 1896 futuri,
415 1837 466 1882 et
502 1831 853 1899 imperativus.
894 1832 1015 1902 εἴπερ
1055 1818 1171 1884 cum
1209 1832 1489 1885 indicativo
1527 1834 1744 1901 perfecti
1782 1835 1835 1886 in
1875 1851 1995 1887 cau-

138 1915 260 1968 salis
298 1915 583 1984 particulae
622 1916 724 1968 vim
763 1917 889 1969 abiit

268 1999 328 2052 N.
358 2018 430 2054 vs.
463 2002 614 2053 1142.
655 2007 731 2052 νῦν
771 2003 848 2052 οὖν
886 2003 1200 2065 δικαζέσθων,
1243 2005 1393 2071 ὀλίγον
1430 2009 1516 2075 γάρ
1557 2024 1628 2071 μοι
1668 2005 1815 2071 με’λει,

656 2091 777 2160 εἴπερ
818 2091 1094 2158 μεμάθηκεν
1134 2091 1183 2141 εὖ
1222 2092 1369 2158 λέγειν
1410 2091 1714 2159 Φειδιππίδης.

139 2186 368 2242 Protasis
427 2191 478 2241 in
528 2195 769 2258 quattuor
824 2191 1032 2258 reliquis
1091 2191 1343 2261 exemplis
1403 2194 1663 2261 (quintum
1712 2192 1865 2262 Vesp.
1921 2211 1994 2246 vs.

139 2273 241 2325 630
295 2281 505 2344 propter
561 2276 776 2344 perfecti
832 2277 1012 2327 δέδοικα
1069 2278 1170 2329 vim
1223 2285 1553 2346 praesentem
1610 2294 1713 2330 non
1766 2279 1993 2346 respexi)

137 2358 353 2428 apodosi
409 2361 690 2429 praecedit.
775 2362 902 2415 Cum
950 2363 1063 2416 leve
1109 2364 1328 2433 perfecti
1385 2370 1435 2416 et
1482 2364 1659 2416 aoristi
1716 2363 1993 2416 discrimen

139 2460 349 2498 causam
387 2447 603 2515 perfecti
630 2465 745 2501 raro
785 2449 1001 2502 adhibiti
1041 2448 1277 2515 dixerim,
1318 2466 1421 2502 non
1458 2466 1671 2527 possum
1710 2466 1814 2502 non
1853 2466 1994 2502 com-

137 2548 425 2585 memorare
473 2533 530 2584 R.
560 2552 632 2587 vs.
666 2535 816 2586 1010.
924 2535 1047 2586 τοῦτ’
1089 2536 1164 2586 οὖν
1203 2538 1242 2586 εἰ
1280 2537 1345 2604 μὴ
1384 2538 1653 2604 πεποίηκας,

391 2619 502 2669 ἀλλ’
526 2620 577 2670 ἐκ
614 2628 833 2691 χρηστῶν
872 2624 948 2672 καὶ
984 2625 1202 2691 γενναίων
1242 2625 1629 2695 μοχθηροτάτους
1667 2615 1924 2685 ἀπέδειξας,

389 2708 430 2756 τί
468 2709 631 2759 παθεῖν
671 2713 835 2779 φήσεις
873 2702 1001 2769 ἄξιος
1039 2713 1172 2780 εἶναι;

138 2791 318 2858 Agitur
357 2792 422 2846 de
458 2800 728 2863 poetarum
768 2797 954 2864 officio,
995 2798 1148 2865 quale
1174 2797 1450 2867 Euripides
1492 2798 1703 2866 auspice
1731 2797 1991 2866 Aeschylo

137 2879 490 2946 constituerat,
531 2880 768 2933 meliores
806 2881 1084 2934 redderent
1121 2883 1273 2937 cives.
1351 2882 1459 2945 Quo
1499 2883 1694 2949 fortiuS‚
1743 2889 1992 2950 quantum

137 2961 305 3015 officio
352 2963 601 3017 defuisset
641 2965 931 3034 Euripides,
972 2973 1266 3036 appareret,
1306 2967 1594 3037 Aeschylus
1633 2969 1991 3036 pervulgatam

136 3054 405 3116 poetarum
432 3056 482 3102 et
508 3051 668 3118 ipsius
694 3051 1055 3120 Aristophanis
1084 3052 1510 3105 consuetudinem
1539 3059 1743 3106 secutus
1771 3051 1991 3105 eandem

135 3134 449 3186 sententiam
487 3136 726 3201 negative
765 3142 816 3188 et
853 3136 1158 3190 affirmative
1198 3139 1469 3206 expressit,
1519 3155 1672 3206 quam
1709 3139 1807 3190 nisi
1845 3154 1991 3206 pres-

135 3219 302 3286 sisset,
351 3219 570 3273 dixisset
613 3227 722 3273 aut:
770 3223 884 3272 τοῦτ’
936 3222 1013 3273 οὖν
1054 3224 1091 3273 εἰ
1130 3222 1196 3291 μὴ
1236 3225 1504 3291 πεποίηκας,
1545 3225 1585 3273 τί
1623 3224 1786 3273 παθεῖν
1827 3225 1991 3293 φήσεις

134 3297 262 3366 ἄξιος
287 3306 420 3370 εἷναι;
448 3312 539 3359 aul:
565 3309 602 3358 εἰ
626 3306 724 3358 δ’ἐκ
743 3315 963 3381 χρηστῶν
990 3310 1066 3361 καὶ
1084 3312 1301 3379 γενναίων
1323 3312 1709 3383 μοχθηροτάτους
1730 3302 1987 3373 ἀπέδειξας,

132 3395 175 3444 τί
211 3395 376 3446 παθεῖν
419 3397 583 3464 φήσεις
622 3386 748 3455 ἄξιος
787 3397 922 3461 εἶναι,
