2266 3722
936 172 1277 221 -41-

262 465 355 530 IV.
400 463 742 529 Particulae
787 479 825 529 εὶ
862 467 922 528 et
968 479 1047 530 ἐάν
1087 465 1216 530 sine
1260 465 1442 529 verbo
1487 464 1652 529 finito
1697 465 1942 547 positae.

327 634 456 688 Cum
494 639 728 703 protases
768 633 1168 700 condicionales,
1209 652 1334 702 quas
1362 636 1413 686 in
1459 635 1611 688 variis
1650 636 2028 688 enuntiatorum

184 719 616 775 condicionalium
644 719 917 785 generibus
944 721 1312 785 recensuimuS,
1351 706 1699 788 praedicativo
1735 721 1888 774 verbo
1927 738 2029 774 non

184 810 411 870 careant,
468 810 548 857 sat
601 804 774 857 multis
828 804 956 857 locis
1011 813 1126 874 post
1180 805 1459 874 particulas
1507 808 1543 856 εἰ
1589 813 1640 858 et
1683 806 1762 857 ἐάν
1818 806 2029 859 verbum

186 891 523 957 desideratur,
546 889 682 959 quod
702 879 794 960 pro
815 889 1043 944 locorum
1067 896 1250 943 natura
1274 892 1415 944 varie
1440 893 1746 961 interpretes
1773 892 2029 961 supplent.

324 977 493 1044 Atque
540 982 596 1028 ut
640 990 674 1029 a
717 975 975 1029 facillimis
1038 975 1312 1043 ordiamur,
1370 978 1589 1046 primum
1648 993 1711 1030 ea
1766 978 2032 1029 enuntiata

182 1062 519 1116 tractabimus
566 1061 618 1112 in
669 1061 849 1128 quibus
895 1059 962 1112 ad
1008 1058 1260 1114 sermonis
1314 1062 1658 1127 integritatem
1716 1078 1748 1113 a
1800 1061 2032 1130 plurimis

184 1147 409 1218 quidem,
449 1146 534 1214 qui
570 1162 634 1198 ex
659 1146 941 1215 posteriore
966 1163 1060 1199 usu
1087 1145 1332 1213 iudicant,
1371 1147 1579 1199 verbum
1615 1148 1724 1197 εἶναι
1750 1147 2032 1216 suppletur,

183 1251 365 1288 revera
402 1239 574 1286 autem
600 1242 677 1285 'ex
715 1233 975 1302 primitiva
1013 1234 1265 1286 sermonis
1305 1233 1674 1286 consuetudine
1713 1234 2034 1287 substantiva

182 1320 265 1374 vel
311 1318 569 1372 adiectiva
614 1317 900 1386 praedicati
945 1318 1109 1371 instar
1153 1319 1324 1387 posita
1367 1325 1499 1371 sunt.
1575 1318 1805 1371 Plurima
1859 1318 2032 1372 huius·

183 1404 325 1458 modi
369 1402 611 1472 exempla
654 1403 704 1455 in
751 1401 968 1471 apodosi
1014 1401 1340 1469 offendimus,
1396 1404 1560 1456 rarius
1606 1404 1659 1455 in
1703 1404 1898 1472 protasi
1953 1405 2032 1455 in-

183 1491 470 1544 veniuntur.
546 1486 650 1540 Sed
687 1492 896 1540 exstant
931 1487 1060 1540 talia
1098 1488 1337 1557 exempla
1373 1494 1429 1539 ut

184 1575 245 1628 V.
267 1592 340 1628 vS.
366 1575 515 1627 1153.
545 1574 667 1645 εἴπερ
693 1571 734 1641 γ’
758 1576 953 1641 ἀνάγκη,
980 1573 1193 1644 κρίβανόν
1220 1572 1526 1643 μ’ἀμπίσχετε
1554 1590 1773 1641 quocum
1801 1575 2035 1628 conferas

181 1661 392 1716 Homeri
418 1660 534 1713 libri
556 1661 591 1712 Ω
613 1677 685 1713 vs.
715 1659 834 1710 667.
861 1660 925 1727 τῇ
951 1659 1000 1711 δέ
1026 1661 1296 1728 δυωδεκάτῃ
1323 1653 1650 1728 πολεμίξομεν,
1679 1662 1803 1732 εἴπερ
1831 1664 2024 1730 ἀνάγκη·

181 1755 454 1808 Adiectiva
513 1754 636 1807 inde
699 1754 762 1807 ab
815 1753 1024 1807 Homeri
1086 1755 1402 1824 temporibus
1465 1772 1621 1824 saepe
1683 1754 2032 1824 praedicative

184 1840 510 1908 adhibentur,
549 1840 693 1893 cuius
732 1838 871 1908 apud
897 1838 1180 1891 Homerum
1207 1840 1259 1891 in
1288 1840 1565 1893 enuntiatis
1594 1840 2034 1895 condicionalibus

183 1943 305 1980 usus
345 1925 444 1979 duo
485 1924 726 1994 exempla
763 1923 1047 1993 adponam:
1279 1982 1285 1992 ,

350 2012 396 2063 Α
435 2012 550 2063 116.
592 2011 722 2061 ἀλλὰ
759 2010 836 2060 καὶ
874 2010 939 2066 ὣς
977 2010 1135 2061 ἐθέλω
1174 2011 1359 2078 δόμεναι
1397 2012 1549 2077 πάλιν,
1589 2012 1627 2062 εἰ
1664 2015 1715 2062 τό
1751 2011 1792 2080 γ’
1832 2015 2029 2080 ἄμεινον.

349 2100 388 2151 Τ
427 2099 544 2151 264.
585 2100 623 2149 εἰ
659 2100 709 2149 δέ
747 2116 786 2148 τι
823 2096 1185 2169 τῶνδ’ἐπίορκον,
1225 2099 1326 2165 ἐμοὶ
1362 2100 1464 2149 θεοὶ
1501 2100 1649 2166 ἄλγεα
1686 2101 1818 2150 δοῖεν.

179 2192 235 2239 ut
279 2186 501 2239 eandem
548 2184 954 2255 praedicativam
1004 2184 1244 2238 adiectivi
1294 2186 1394 2237 vim
1452 2185 1591 2255 apud
1637 2186 2035 2256 Aristophanem

101 2304 106 2309 -
180 2287 432 2338 agnoscas
470 2272 548 2323 in:

178 2356 235 2409 P.
275 2374 347 2410 vs.
390 2357 504 2408 736.
547 2358 585 2406 εἰ
622 2355 744 2406 δὀὖν
783 2357 903 2411 εἰκός
940 2374 1037 2405 τινα
1075 2357 1262 2424 τιμῆσαι
1303 2397 1311 2406 .
1355 2397 1364 2406 .
1409 2397 1418 2406 .
1463 2398 1471 2407 .

381 2444 498 2495 738.
538 2435 665 2502 ἄξιος
702 2444 813 2494 εἶναί
853 2445 967 2513 φης’
1008 2443 1220 2511 εὐλογίας
1258 2445 1471 2513 μεγάλης
1509 2446 1532 2496 ὁ
1569 2446 1848 2502 διδάσκαλος
1883 2447 2035 2514 ἡμῶν.

179 2531 239 2583 R.
267 2548 339 2584 vs.
381 2531 498 2584 706.
540 2533 578 2582 εἰ
615 2529 768 2597 δ’ἐγὼ
810 2531 951 2601 ὀρθὸς
989 2532 1094 2581 ἰδεῖν
1134 2531 1228 2598 βίον
1268 2534 1430 2603 ἄνερος
1468 2573 1478 2583 .
1522 2574 1531 2583 .
1575 2574 1584 2582 .
1627 2574 1637 2584 .

539 2618 589 2668 οὐ
628 2617 772 2668 πολὺν
812 2616 953 2668 ουδί3
994 2618 1195 2685 πίθηκος
1233 2619 1365 2676 οὗτος
1405 2661 1413 2670 .
1457 2661 1467 2670 .
1512 2661 1520 2670 .
1564 2623 1728 2691 χρόνον
1768 2621 2036 2693 ἐνδιατρίψει

180 2703 301 2774 Lys.
342 2722 414 2759 vs.
455 2706 573 2758 531.
616 2703 729 2755 ἀλλ’
753 2706 791 2755 εἰ
827 2705 950 2755 τοῦτ’
991 2705 1201 2772 ἐμπόδιόν
1241 2725 1325 2771 σοι,

609 2791 716 2864 παρ’
756 2793 868 2860 ἐμοῦ
906 2794 1029 2843 τουτὶ
1065 2793 1116 2843 τὸ
1154 2794 1381 2861 κάλυμμα
1419 2793 1581 2862 λαβὼν

609 2880 689 2950 ἔχε
728 2880 804 2930 καὶ
841 2881 1030 2951 περίθου
1058 2881 1158 2952 περὶ
1184 2881 1269 2949 τὴν
1296 2883 1527 2952 κεφαλήν.

179 2978 288 3032 Nec
345 2979 510 3033 solum
568 2980 943 3034 substantivum
995 2986 1046 3034 et
1102 2979 1411 3034 adiectivum
1468 2983 1541 3035 ita
1594 2988 1886 3053 usurpatur,
1943 2984 2036 3038 sed

179 3065 336 3118 etiam
374 3064 673 3119 adverbium
713 3065 1121 3136 praedicativum
1160 3066 1367 3134 legitur:

179 3150 239 3202 V.
279 3167 352 3204 vs.
394 3152 512 3203 892.
553 3153 592 3202 εἴ
627 3170 692 3209 τις
730 3153 920 3224 θύρασιν
960 3153 1207 3221 ἡλιαστής,
1248 3154 1409 3210 aiz-Ito).
1488 3155 1570 3207 cui
1609 3153 1818 3208 Homeri
1858 3172 2034 3208 exem-

179 3236 323 3306 plum
361 3254 630 3308 compares
670 3239 719 3290 Ψ
758 3240 860 3291 832
917 3240 956 3290 εἴ
1011 3240 1051 3290 οἱ
1088 3241 1165 3290 καὶ
1210 3241 1343 3308 μάλα
1391 3242 1567 3292 πολλὸν
1615 3244 1840 3313 ἀπόπροθι
1885 3244 2035 3300 πίονες

180 3325 323 3397 ἀγροὶ,
371 3317 463 3384 ἕξει
509 3345 580 3393 μιν
619 3327 694 3377 καὶ
731 3329 865 3378 πέντε
904 3329 1263 3398 περιπλομένους
1301 3328 1530 3386 ἐνιαυτοὺς
1567 3332 1847 3401 χρεώμενος.
1915 3330 2005 3384 Sin

179 3412 425 3480 gulariter
462 3412 647 3466 eodem
687 3431 829 3467 more
868 3414 1109 3484 exempla
1146 3415 1468 3470 conformata
1507 3424 1624 3471 sunt
