2266 3722
949 179 1294 230 ,39-

203 329 260 382 L.
282 332 399 384 595.
429 331 503 385 Pl.
525 333 642 383 216.
684 331 981 386 Sententiae
1013 334 1339 388 concessivae
1366 334 1599 387 membra
1624 348 1712 386 eas
1740 330 2039 402 plerumque

202 415 392 469 formas
411 415 671 484 exhibent,
693 433 818 489 quas
839 417 1006 471 adhuc
1026 419 1078 470 in
1099 420 1373 472 enuntiatis
1395 417 1833 471 condicionalibus
1855 415 2038 486 depre-

204 499 491 554 hendimus.
519 500 832 570 Saepissime
850 503 901 554 in
920 502 1131 571 apodosi
1146 504 1390 572 protasim
1413 502 1733 571 coniunctivo
1754 501 2040 571 praesentis

203 586 310 640 sive
338 586 513 639 aoristi
535 585 792 655 prolatam
815 587 1004 655 excipit
1031 587 1337 641 indicativus
1364 588 1533 655 futuri,
1562 587 1700 640 velut
1722 586 1779 639 L.
1808 603 1878 640 vs.
1913 587 2038 640 499:

203 671 428 739 σωθήσει,
469 673 553 721 κᾶν
592 671 656 739 μὴ
685 671 849 738 βούλῃ.
903 670 1193 725 Praesentis
1222 672 1528 726 indicativus
1555 678 1784 726 servatur
1810 673 1863 724 in
1882 671 1943 726 V.
1965 690 2037 727 νε.

203 758 318 808 691.
361 757 498 814 αὐτὸς
535 757 583 808 δὲ
622 760 748 829 φέρει
785 759 835 808 τὸ
875 760 1181 830 συνηγορικὸν,
1222 760 1450 831 δραχμὴν,
1490 759 1573 810 κᾶν
1612 759 1800 832 ὕστερος
1836 761 1977 828 ἔλθῃ.

201 843 280 896 Ex
344 845 551 912 reliquis
617 844 858 914 apodosis
913 844 1089 898 formis
1153 847 1434 915 optativum
1500 862 1616 900 cum
1679 846 1932 916 particula
1985 849 2040 899 ἄν

203 932 532 984 coniunctum
574 931 734 990 semel
773 931 1113 984 animadverti
1150 933 1203 984 in

200 1015 257 1068 L.
296 1033 372 1069 νε.
415 1018 529 1067 115.
570 1015 659 1084 ἐγὼ
698 1018 747 1067 δέ
783 1015 824 1084 γ’
848 1020 902 1067 ᾶν
943 1016 1275 1086 (καταλύσαιμι
1320 1018 1397 1069 τὸν
1443 1016 1668 1086 πόλεμον)
1714 1021 1799 1069 κᾶν
1847 1018 2041 1091 ὡσπερεὶ

562 1105 741 1172 ψῆτταν
779 1123 836 1171 με
873 1105 937 1171 δή
974 1102 1182 1154 ἐπιόοὔνῖ

132 1215 135 1217 ·
200 1187 534 1242 indicativum
579 1190 793 1259 perfecti
839 1192 891 1242 in
939 1190 1171 1244 eiusdem
1216 1189 1421 1243 fabulae
1458 1207 1530 1244 VS.
1571 1192 1687 1244 595.
1729 1192 1752 1242 ὁ
1791 1191 1873 1259 μὲν
1911 1195 2040 1262 ἥκων

197 1277 302 1346 γάρ,
341 1278 425 1326 κᾶν
463 1277 496 1344 ᾖ
535 1277 708 1339 πολιὸς,
748 1282 865 1346 ταχύ
905 1278 1042 1327 παῖδα
1079 1280 1220 1348 κόρην
1259 1281 1532 1345 γεγάμηκεν.

340 1361 594 1433 Exempla
655 1364 835 1431 quibus
895 1363 963 1417 ad
1023 1363 1354 1417 illustrandas
1411 1364 1577 1417 varias
1638 1364 1784 1418 huius
1839 1367 2041 1432 generis

199 1449 387 1502 formas
425 1466 547 1503 usus
587 1466 699 1503 sum
744 1466 847 1502 non
892 1450 1065 1502 omnia
1108 1450 1180 1501 ita
1225 1454 1524 1518 comparata
1567 1455 1685 1503 sunt
1729 1455 1784 1503 ut
1828 1450 1892 1504 ab
1938 1468 2043 1504 una

201 1551 426 1603 persona
460 1535 615 1604 plena
652 1535 989 1605 proferantur.
1042 1535 1208 1604 Saepe
1246 1535 1526 1588 sententias
1564 1534 1745 1604 plenas
1782 1541 1936 1605 poeta
1971 1537 2044 1590 ita

203 1620 499 1690 dispescuit,
537 1625 596 1675 ut
633 1621 761 1674 alter
795 1622 1042 1691 protasim
1076 1621 1205 1674 alter
1231 1619 1497 1690 apodosim
1532 1620 1839 1689 loqueretur,
1866 1627 1954 1675 aut
1990 1623 2042 1675 in

202 1706 465 1766 enuntiato
512 1707 576 1759 ab
623 1723 725 1759 una
767 1722 990 1776 persona
1034 1705 1170 1759 dicto
1217 1706 1425 1759 omnino
1470 1704 1794 1759 adumbravit
1841 1713 2041 1762 tantum

201 1791 483 1860 apodosim.
558 1789 673 1844 Non
727 1796 897 1844 actum
953 1808 1036 1844 me
1093 1807 1246 1858 agere
1302 1791 1537 1844 existimo
1576 1791 1618 1844 si
1657 1790 1722 1844 de
1760 1790 1839 1846 his
1889 1794 2040 1848 rebus

200 1896 367 1950 pauca
392 1878 543 1933 addo.
582 1879 750 1948 Atque
775 1880 997 1948 primum
1024 1878 1228 1947 quidem
1257 1879 1536 1946 enuntiata,
1571 1896 1784 1948 quorum
1810 1883 2044 1938 membra

200 1971 440 2035 separata
475 1971 606 2031 sunt,
647 1964 1072 2034 contemplemur.
1147 1962 1402 2016 Protasim
1445 1965 1617 2033 priore
1660 1964 1775 2019 loco
1819 1969 2040 2036 positam

200 2068 404 2121 semper
439 2051 802 2118 interrogative
838 2051 881 2103 is
920 2051 1003 2117 qui
1040 2049 1261 2117 loquitur
1294 2049 1504 2118 profert,
1544 2049 1703 2103 velut:

200 2136 254 2190 P.
294 2154 367 2190 νε.
409 2137 522 2188 107.
565 2135 703 2188 Serv.
746 2135 826 2186 ἐὰν
862 2134 912 2186 δὲ
950 2138 1015 2204 μή
1055 2154 1123 2186 σοι
1160 2135 1502 2206 καταγορεύσῃ;
1542 2134 1691 2205 Tryg.
1732 2141 1977 2210 γράψομαι.

336 2223 396 2276 R.
436 2240 508 2276 VS.
551 2224 702 2275 1415.
743 2224 822 2273 ε’ἀν
860 2222 909 2273 δὲ
947 2224 1110 2294 κρίνω;
1151 2221 1225 2275 Pl.
1265 2223 1342 2273 τὸν
1380 2224 1534 2294 ἕτερον
1571 2224 1733 2293 λαβὼν
1772 2228 1886 2279 ἄπει.

194 2310 429 2363 Eandem
497 2310 910 2378 interrogationis
977 2309 1195 2362 formam
1266 2310 1320 2362 in
1389 2310 1602 2379 apodosi
1667 2311 1923 2382 adhibuit,
1996 2317 2039 2369 si

195 2397 415 2466 protasis
452 2396 736 2465 posteriore
773 2395 885 2448 loco
924 2395 1157 2461 habetur,
1205 2411 1516 2463 quamquam
1559 2395 1659 2450 hoc
1703 2398 1883 2454 ordine
1928 2417 2038 2455 cer-

196 2488 312 2535 vato
358 2498 461 2535 non
505 2481 798 2535 necessaria
842 2486 941 2547 est3
988 2496 1081 2550 per
1124 2480 1578 2547 interrogationem
1624 2482 1864 2552 apodosis
1919 2503 2039 2556 pro-

197 2568 474 2621 nuntiatur.

196 2653 255 2707 R.
294 2671 366 2707 νε.
409 2655 561 2706 1134.
600 2651 691 2721 ἐγὼ
731 2656 886 2703 σιωπῶ
924 2646 1058 2721 τῴὂ’;
1097 2650 1247 2704 Dion.
1288 2650 1369 2702 ε’ἀν
1406 2652 1545 2720 πείθη
1583 2651 1759 2722 γ’ἐμοὶ.

196 2736 267 2795 νε.
309 2742 461 2792 1229.
518 2739 609 2809 ε’γω
646 2741 846 2810 πρίωμαι
883 2731 1037 2808 τῷδ’,
1073 2736 1222 2791 Dion.
1263 2737 1344 2789 ἐὰν
1382 2739 1523 2807 πείθῃ
1561 2737 1719 2809 γ’ἐμοί.
1797 2742 1890 2796 sed
1928 2745 2039 2798 sine

1259 2825 1674 2893 interrogatione.

195 2912 336 2967 Ecol.
375 2930 448 2966 VS.
491 2914 641 2965 1084.
680 2913 802 2983 δευρὶ
839 2910 921 2979 μὲν
960 2911 1036 2962 οὖν
1071 2909 1138 2961 ἴθ’
1162 2909 1227 2967 ὡς
1264 2910 1337 2978 ἔμ’
1375 2910 1473 2964 Ad.
1513 2911 1574 2980 ἦν
1611 2913 1686 2982 ἡδί
1722 2913 1771 2982 μ’
1793 2917 1914 2986 ἁφῇ.

336 2999 490 3053 Haud
543 3017 658 3053 raro
715 2998 955 3069 apodosis
1010 3014 1137 3051 voce
1186 2999 1550 3066 interrogativa
1594 3002 1634 3051 τί
1679 3002 1794 3071 (pro
1841 3019 1941 3071 qua
1986 3004 2040 3056 in

196 3088 448 3157 principio
486 3088 775 3141 sententiae
812 3089 851 3137 τί
890 3088 939 3137 δέ
978 3085 1272 3155 usurpatur)
1312 3085 1602 3153 significata
1627 3088 1692 3142 ab
1731 3088 1913 3143 eadem
1951 3096 2039 3144 aut

197 3175 262 3228 ab
301 3174 464 3227 altera
523 3191 746 3244 persona
806 3173 1035 3243 pluribus
1092 3172 1401 3241 explicatur,
1460 3174 1603 3230 cuius
1659 3193 1781 3230 usus
1837 3166 2040 3245 singula

197 3259 438 3330 exempla
473 3259 622 3314 dabo,

195 3345 254 3399 L.
294 3363 366 3406 νε.
407 3345 521 3398 366.
570 3347 611 3396 τί
648 3344 688 3397 δ’
711 3345 772 3414 ἦν
811 3346 965 3397 σποδῶ
1002 3350 1095 3401 τοῖς
1131 3345 1379 3407 κονδύλοις,
1418 3346 1459 3395 τί
1496 3344 1545 3414 μ’
1569 3345 1747 3418 ἐργάσει
1785 3348 1836 3399 τὸ
1871 3349 2037 3414 δεινόνς

198 3438 250 3487 et
285 3431 425 3486 Eccl.
466 3449 539 3486 νε.
580 3433 696 3486 862.
1071 3431 1131 3499 ῆν
1170 3431 1218 3483 δὲ
1256 3434 1520 3497 κωλύσωσι,
1559 3435 1623 3501 τί;
